@article{lao1985,
  author={L.L. Lao \textit{et al}.},
  title={Reconstruction of current profile parameters and plasma shapes in tokamaks},
  journal={Nuclear Fusion},
  volume={25},
  number={11},
  pages={1611},
  note = {\url{http://stacks.iop.org/0029-5515/25/i=11/a=007}},
  year={1985}}
  
  @article{lao1990,
  author={L.L. Lao \textit{et al}.},
  title={Equilibrium analysis of current profiles in tokamaks},
  journal={Nuclear Fusion},
  volume={30},
  number={6},
  pages={1035},
  note = {\url={http://stacks.iop.org/0029-5515/30/i=6/a=006}},
  year={1990}}
  
  @article{lao2005,
author = {L.L. Lao \textit{et al}.},
title = {{MHD} Equilibrium Reconstruction in the {DIII-D} Tokamak},
journal = {Fusion Science and Technology},
volume = {48},
number = {2},
pages = {968-977},
year  = {2005},
note={\url{https://doi.org/10.13182/FST48-968}}}

@article{sauter1997,
	author = {O. Sauter \textit{et al}.},
	title = {Beta limits in long-pulse tokamak discharges},
	journal = {Physics of Plasmas},
	volume =  {4},
	number = {5},
	pages = {1654-1664},
	note = {\url{http://scitation.aip.org/content/aip/journal/pop/4/5/10.1063/1.872270}},
	year = {1997}}

@article{gantenbein2000,
 	title = {Complete Suppression of Neoclassical Tearing Modes with Current Drive at the Electron-Cyclotron-Resonance Frequency in {ASDEX U}pgrade Tokamak},
  	author = {G. Gantenbein \textit{et al}.},
  	journal = {Physical Review Letters},
  	volume = {85},
  	issue = {6},
  	pages = {1242-1245},
  	year = {2000},
	doi = {10.1103/PhysRevLett.85.1242},
  	note = {\url{http://link.aps.org/doi/10.1103/PhysRevLett.85.1242}}}

@article{nave1990,
	author = {M.F.F. Nave \textit{et al}.},
	title = {Mode locking in tokamaks},
	journal = {Nuclear Fusion},
	volume = {30},
	number = {12},
	pages = {2575-2583},
	note = {\url{http://stacks.iop.org/0029-5515/30/i=12/a=011}},
	year = {1990}}

@article{nave2003,
	author = {M.F.F. Nave \textit{et al}.},
	title = {Triggering of neoclassical tearing modes by mode coupling},
	journal = {Nuclear Fusion},
	volume = {43},
	number = {3},
	pages = {179-187},
	note = {\url{http://stacks.iop.org/0029-5515/43/i=3/a=303}},
	year = {2003}}

@article{luce2004,
	author = {T.C. Luce \textit{et al}.},
	title = {High performance stationary discharges in the {DIII-D} tokamak},
	journal = {Physics of Plasmas},
	volume = {11},
	number = {5},
	pages = {2627-2636},
	note = {\url{http://scitation.aip.org/content/aip/journal/pop/11/5/10.1063/1.1704644}},
	year = {2004}}

@article{westerhof2007,
	author = {E. Westerhof \textit{et al}.},
	title = {Tearing mode stabilization by electron cyclotron resonance heating demonstrated in the {TEXTOR} tokamak and the implication for {ITER}},
	journal = {Nuclear Fusion},
	volume = {47},
	number = {2},
	pages = {85-90},
	note = {\url{http://stacks.iop.org/0029-5515/47/i=2/a=003}},
	year = {2007}}

@article{suttrop2011,
  title = {First Observation of Edge Localized Modes Mitigation with Resonant and Nonresonant Magnetic Perturbations in {ASDEX U}pgrade},
  	author = {W. Suttrop \textit{et al}.},
  	journal = {Physical Review Letters},
  	volume = {106},
  	issue = {22},
  	pages = {225004},
  	year = {2011},
  	note = {\url{http://link.aps.org/doi/10.1103/PhysRevLett.106.225004}}}

@article{evans2004,
  	title = {Suppression of Large Edge-Localized Modes in High-Confinement {DIII-D} Plasmas with a Stochastic Magnetic Boundary},
  	author = {T.E. Evans \textit{et al}.},
  	journal = {Physical Review Letters},
  	volume = {92},
  	issue = {23},
  	pages = {235003},
  	year = {2004},
  	note = {\url{http://link.aps.org/doi/10.1103/PhysRevLett.92.235003}}}

@article{chu2010,
  	author={M. S. Chu and M. Okabayashi},
  	title={Stabilization of the external kink and the resistive wall mode},
  	journal={Plasma Physics and Controlled Fusion},
  	volume={52},
  	number={12},
  	pages={123001},
  	note ={\url{http://stacks.iop.org/0741-3335/52/i=12/a=123001}},
  	year={2010}}

@article{westerhof1990,
	author = {E. Westerhof},
	title = {Tearing mode stabilization by local current drive density perturbations},
	journal = {Nuclear Fusion},
	volume = {30},
	number = {6},
	pages = {1143-1147},
	note = {\url{http://stacks.iop.org/0029-5515/30/i=6/a=017}},
	year = {1990}}

@article{ikeda2007,
	author = {K. Ikeda \textit{et al}.},
	title = {Progress in the {ITER} physics basis},
	journal = {Nuclear Fusion},
	volume = {47},
	number = {6},
	pages = {S128-S202},
	note = {\url{http://stacks.iop.org/0029-5515/47/i=6/a=E01}},
	year = {2007}}

@article{lahaye2006,
	author = {R.J. La Haye \textit{et al}.},
	title = {Neoclassical tearing modes and their control},
	journal = {Physics of Plasmas},
	volume = {13},
	number = {5},
	pages = {055501},
	note = {\url{http://scitation.aip.org/content/aip/journal/pop/13/5/10.1063/1.2180747}},
	year = {2006}}

@article{sauterPPCF2002,
	author = {O. Sauter \textit{et al}.},
	title = {Marginal beta-limit for neoclassical tearing modes in {JET H}-mode discharges},
	journal = {Plasma Physics and Controlled Fusion},
	volume = {44},
	number = {9},
	pages = {1999-2019},
	note = {\url{http://stacks.iop.org/0741-3335/44/i=9/a=315}},
	year = {2002}}

@article{herschel1800,
	author = {W. Herschel \textit{et al}.},
	title = {Experiments on the refrangibility of the visible rays of the sun},
	journal = {Philosophical Transactions of the Royal Society of London},
	volume = {90},
	pages = {284-292},
	note = {\url{http://dx.doi.org/10.1098/rstl.1800.0015}},
	year = {1800}}

@article{milton1985,
	author = {A.F. Milton \textit{et al}.},
	title = {Influence of non-uniformity on infrared focal plane array performance},
	journal = {Optical Engineering},
	volume = {24},
	number = {5},
	pages = {855-862},
	note = {\url{http://dx.doi.org/10.1117/12.7973588}},
	year = {1985}}

@article{mast1991,
   	author = {K.F. Mast \textit{et al}.},
	title = {A low noise highly integrated bolometer array for absolute measurement of {VUV} and soft x radiation},
   	journal = {Review of Scientific Instruments},
   	year = {1991},
   	volume = {62},
   	number = {3}, 
   	pages = {744-750},
   	note = {\url{http://scitation.aip.org/content/aip/journal/rsi/62/3/10.1063/1.1142078}},
   	doi = {http://dx.doi.org/10.1063/1.1142078}}

@article{fuchs2005,
	author = {J.C. Fuchs \textit{et al}.},
	title = {Radiation distribution and energy balance during type-{I} {ELM}s in {ASDEX} {U}pgrade},
	journal = {Journal of Nuclear Materials},
	volume = {337–339},
	number = {0},
	pages = {756-760},
	year = {2005},
	doi = {http://dx.doi.org/10.1016/j.jnucmat.2004.09.054},
	note = {\url{http://www.sciencedirect.com/science/article/pii/S0022311504009444}}}

@article{mast1985,
   	author = {K.F. Mast \textit{et al}.},
   	journal = {Review of Scientific Instruments},
   	title = {Bolometric diagnostics in {JET}},
   	year = {1985},
   	volume = {56},
   	number = {5}, 
   	pages = {969-971},
   	note = {\url{http://scitation.aip.org/content/aip/journal/rsi/56/5/10.1063/1.1138007}},
   	doi = {http://dx.doi.org/10.1063/1.1138007}}

@article{mackay2009,
   	author = {D.J.C. MacKay},
   	journal = {UIT Cambridge Ltd},
   	title = {Sustainable {E}nergy - without the hot air},
   	year = {2009},
   	note = {\url{http://www.inference.phy.cam.ac.uk/sustainable/book/tex/cft.pdf}}}

@article{herrmann2001,
	author = {A. Herrmann \textit{et al}.},
	title = {Limitations for divertor heat flux calculations of fast events in tokamaks},
	journal = {Controlled Fusion and Plasma Physics: Proc. 28th EPS, Funchal},
	volume = {ECA Vol. 25A},
	page = {2109-2112},
	note = {\url{http://epsppd.epfl.ch/Madeira/html/pdf/P5.104.pdf}},
	year = {2001}}

@article{chankin2003,
	author = {A.V. Chankin \textit{et al}.},
	title = {Global Circulation of Drift Flows in the SOL and Divertor and its impact on divertor asymmetries},
	journal = {Controlled Fusion and Plasma Physics: Proc. 30th EPS, St. Petersburg},
	volume = {ECA Vol. 27A},
	page = {O-4.1C},
	note = {\url{http://epsppd.epfl.ch/StPetersburg/PDF/O4_001C.PDF}},
	year = {2003}}

@article{rognlien1999_b,
	author = {T.D. Rognlien \textit{et al}.},
	title = {Influence of {E}x{B} and $\nabla${B} drift terms in 2-{D} edge/{SOL} transport simulations},
	journal = {Journal of Nuclear Materials},
	volume = {266–269},
	number = {0},
	page = {654 - 659},
	note = {\url{http://www.sciencedirect.com/science/article/pii/S0022311598008356}},
	year = {1999}}

@article{rognlien1999,
	author = {T.D. Rognlien \textit{et al}.},
	title = {Two-dimensional electric fields and drifts near the magnetic separatrix in divertor tokamaks},
	journal = {Physics of Plasmas},
	volume = {6},
	number = {5},
	page = {1851-1857},
	note = {\url{http://scitation.aip.org/content/aip/journal/pop/6/5/10.1063/1.873488}},
	year = {1999}}

@article{outlook2013,
	author = {U.S. Department of Energy},
	title = {International {E}nergy {O}utlook ({J}uly 2013)},
	note = {\url{http://www.eia.gov/forecasts/ieo/index.cfm}},
	year = {2013}}

@article{outlook2013b,
	author = {International Energy Agency},
	title = {World {E}nergy {O}utlook ({N}ovember 2013)},
	note = {\url{http://www.worldenergyoutlook.org/publications/weo-2013/}},
	year = {2013}}

@article{barry1997,
	author = {S. Barry \textit{et al}.},
	title = {Far-infrared polarimetry on the {TCV} tokamak},
	journal = {Proceedings of the 8$^{\rm{th}}$ International Symposium on Laser-aided Plasma Diagnostics (LAPD-8), Doorwerth},
	page = {313-318},
	year = {1997}}

@article{artsimovich1972,
  	author={L.A. Artsimovich},
  	title={Tokamak devices},
  	journal={Nuclear Fusion},
  	volume={12},
  	number={2},
  	pages={215},
  	note = {\url{http://stacks.iop.org/0029-5515/12/i=2/a=012}},
  	year={1972}}

@article{feng2000,
	author = {Y. Feng \textit{et al}.},
	title = {Formulation of a {M}onte {C}arlo model for edge plasma transport},
	journal = {Controlled Fusion and Plasma Physics: Proc. 27th EPS, Budapest},
	volume = {ECA Vol. 24B},
	page = {1188-1191},
	note = {\url{http://epsppd.epfl.ch/Buda/pdf/p3_098.pdf}},
	year = {2000}}

@book{dereniak1984,
	author = {E.L. Dereniak},
	title = {Optical radiation detectors},
	publisher = {Wiley},
	address = {New York},
	year = {1984}}

@book{friedberg1987,
	author = {J. Friedberg},
	title = {Ideal Magnetohydrodynamics},
	publisher = {Plenum Press},
	address = {New York},
	year = {1987}}

@book{stangeby_book,
	author = {P.C. Stangeby},
	title = {The Plasma Boundary of Magnetic Fusion Devices},
	publisher = {Institute of Physics Publishing},
	address = {London},
	year = {2000}}

@book{freidberg_book,
	author = {J.P. Freidberg},
	title = {Plasma Physics and Fusion Energy},
	publisher = {Cambridge University Press},
	address = {London},
	year = {2007}}

@article{sushkov2008,
   author = {A. Sushkov \textit{et al}.},
   title = {High-resolution multiwire proportional soft x-ray diagnostic measurements on TCV},
   journal = {Review of Scientific Instruments},
   year = {2008},
   volume = {79},
   number = {2}, 
   note = {\url{http://scitation.aip.org/content/aip/journal/rsi/79/2/10.1063/1.2833822}},
   doi = {http://dx.doi.org/10.1063/1.2833822}}

@article{lawson,
  	author={J.D Lawson},
  	title={Some Criteria for a Power Producing Thermonuclear Reactor},
  	journal={Proceedings of the Physical Society. Section B},
  	volume={70},
  	number={1},
  	pages={6},
  	note = {\url{http://stacks.iop.org/0370-1301/70/i=1/a=303}},
  	year={1957}}

@book{hutchinson_book,
	author = {I.H. Hutchinson},
	title = {Principles of plasma diagnostics},
	publisher = {Cambridge University Press},
	address = {New York},
	year = {2005}}

@book{tokamaks,
	author = {J.A. Wesson},
	title = {Tokamaks},
	publisher = {Clarendon Press},
	address = {Oxford, 2$^{th}$ edition},
	year = {1997}}

@article{buttery2007,
  	author={R.J Buttery \textit{et al}.},
  	title={Progress towards an integrated solution for the {ITER} baseline scenario based on high current and highly shaped plasma operation at {JET}},
  	journal={Plasma Physics and Controlled Fusion},
  	volume={49},
  	number={5A},
  	pages={A59},
  	note = {\url{http://stacks.iop.org/0741-3335/49/i=5A/a=S05}},
  	year={2007}}

@book{bohm1949,
	author = {D. Bohm},
	title = {The Characteristics of Electrical Discharges in Magnetic Field},
	publisher = {McGraw-Hill},
	address = {New York},
	year = {1949}}

@article{riemann1991,
  	author={K.-U. Riemann},
  	title={The {B}ohm criterion and sheath formation},
  	journal={Journal of Physics D: Applied Physics},
  	volume={24},
  	number={4},
  	pages={493},
  	note = {\url{http://stacks.iop.org/0022-3727/24/i=4/a=001}},
  	year={1991}}

@book{jackson_book,
	author = {J.D. Jackson},
	title = {Classical Electrodynamics},
	publisher = {John Wiley \& Sons},
	address = {New York},
	year = {1998}}

@book{adas1994,
	author = {H.P Summers},
	title = {Atomic Data and Analysis Structure Users Manual},
	publisher = {JET-IR 06 (Abingdon: JET Joint Undertaking)},
	year = {1994}}

@article{lunt2014,
  	author={T. Lunt \textit{et al}.},
  	title={First {EMC3-E}irene simulations of the {TCV} snowflake divertor},
  	journal={Plasma Physics and Controlled Fusion},
  	volume={56},
  	number={3},
  	pages={035009},
 	note = {\url{http://stacks.iop.org/0741-3335/56/i=3/a=035009}},
  	year={2014}}

@article{vijvers2014,
  	author={W.A.J. Vijvers \textit{et al}.},
  	title={Power exhaust in the snowflake divertor for {L}- and {H}-mode {TCV} tokamak plasmas},
  	journal={Nuclear Fusion},
  	volume={54},
  	number={2},
  	pages={023009},
  	note = {\url{http://stacks.iop.org/0029-5515/54/i=2/a=023009}},
  	year={2014}}

@article{stangeby1996,
  	author={P.C. Stangeby and A.V. Chankin},
  	title={Simple models for the radial and poloidal {E} x {B} drifts in the scrape-off layer of a divertor tokamak: {E}ffects on in/out asymmetries},
  	journal={Nuclear Fusion},
  	volume={36},
  	number={7},
  	pages={839},
  	note = {\url{http://stacks.iop.org/0029-5515/36/i=7/a=I02}},
  	year = {1996}}

@article{stangeby1995,
  	author={P.C. Stangeby \textit{et al}.},
  	title={Radial and Poloidal {E}x{B} Drifts in the Scrape-off Layers of a Divertor Tokamak: {E}ffects on In/Out Asymmetries, Plasma detachment at the Targets, and Divertor Biasing},
  	journal={JET Preprints and Reports},
  	volume={JET-P(95)07},
  	note = {\url{http://www.iop.org/Jet/article?JETP95001&JETP95007}},
  	year={1995}}

@article{vijvers2014b,
  	author={W.A.J. Vijvers \textit{et al}.},
  	title={First experimental demonstration of heat load mitigation with an {X}-divertor in a tokamak},
  	journal={To be submitted to Nuclear Fusion},
	volume={},
  	year={2014}}

@booklet{vignette,
	title = {http://toothwalker.org/optics/vignetting.html\#ref1}}

@booklet{iter,
	title = {http://www.iter.org/}}
	
@booklet{sdumont,
    note = {\url{http://sdumont.lncc.br}}}

@booklet{eirene,
	title = {http://www.eirene.de},
	author = {D. Reiter}}

@booklet{ioniz_rec,
	title = {http://www.eirene.de/report\_4105.pdf},
	author = {R.K. Janev \textit{et al}.}}
	
@article{enke2009,
	author = {L. Enke \textit{et al}.},
	title = {Nonuniformity Correction Algorithms of {IRFPA} Based on Radiation Source Scaling},
	journal = {5th International Conference on Information Assurance and Security},
	volume = {1},
	pages = {317-321},
	note = {\url{http://dx.doi.org/10.1109/IAS.2009.110}},
	year = {2009}}

@article{fitzpatrick1995,
	author = {R. Fitzpatrick \textit{et al}.},
	title = {Helical temperature perturbations associated with tearing modes in tokamak plasmas},
	journal = {Physics of Plasmas},
	volume = {2},
	number = {3},
	pages = {825-838},
	note = {\url{http://scitation.aip.org/content/aip/journal/pop/2/3/10.1063/1.871434}},
	year = {1995}}

@article{waelbroeck2001,
	author = {F.L. Waelbroeck \textit{et al}.},
	title = {Finite {L}armor-radius theory of magnetic island evolution},
	journal = {Physics Review Letter},
	volume = {87},
	number = {21},
	pages = {215003},
	note = {\url{http://link.aps.org/doi/10.1103/PhysRevLett.87.215003}},
	year = {2001}}

@article{lahaye2000,
	author = {R.J. La Haye \textit{et al}.},
	title = {Increasing the beta limit due to neoclassical tearing modes by raising the axial safety factor q(0) > 1},
	journal = {Nuclear Fusion},
	volume = {40},
	number = {1},
	pages = {53-58},
	note = {\url{http://stacks.iop.org/0029-5515/40/i=1/a=304}},
	year = {2000}}

@article{lahaye1997,
	author = {R.J. La Haye \textit{et al}.},
	title = {High beta tokamak operation in {DIII-D} limited at low density/collisionality by resistive tearing modes},
	journal = {Nuclear Fusion},
	volume = {37},
	number = {3},
	pages = {397-401},
	note = {\url{http://stacks.iop.org/0029-5515/37/i=3/a=I08}},
	year = {1997}}

@article{sauterPRL2002,
	author = {O. Sauter \textit{et al}.},
	title = {Control of Neoclassical Tearing Modes by Sawtooth Control},
	journal = {Physics Review Letter},
	volume = {88},
	number = {10},
	pages = {105001},
	note = {\url{http://link.aps.org/doi/10.1103/PhysRevLett.88.105001}},
	year = {2002}}

@article{gude1999,
	author = {A. Gude \textit{et al}.},
	title = {Seed island of neoclassical tearing modes at {ASDEX} Upgrade},
	journal = {Nuclear Fusion},
	volume = {39},
	number = {1},
	pages = {127-131},
	note = {\url{http://stacks.iop.org/0029-5515/39/i=1/a=308}},
	year = {1999}}

@article {medvedev2010,
	author = {S.Yu. Medvedev \textit{et al}.},
	title = {Edge Stability and Pedestal Profile Sensitivity of Snowflake Diverted Equilibria in the {TCV} Tokamak},
	journal = {Contributions to Plasma Physics},
	volume = {50},
	number = {3-5},
	note = {\url{http://dx.doi.org/10.1002/ctpp.201010053}},
	doi = {10.1002/ctpp.201010053},
	pages = {324-330},
	year = {2010}}

@article{rice1999,
	author = {B.W. Rice \textit{et al}.},
	title = {Progress towards sustainment of advanced tokamak modes in {DIII-D}},
	journal = {Nuclear Fusion},
	volume = {39},
	number = {11Y},
	pages = {1855-1864},
	note = {\url{http://stacks.iop.org/0029-5515/39/i=11Y/a=326}},
	year = {1999}}

@article{reimerdes2002,
	author = {H. Reimerdes \textit{et al}.},
	title = {From Current-Driven to Neoclassically Driven Tearing Modes},
	journal = {Physics Review Letter},
	volume = {88},
	number = {10},
	pages = {105005},
	note = {\url{http://link.aps.org/doi/10.1103/PhysRevLett.88.105005}},
	year = {2002}}

@article{brennan2002,
	author = {D.P. Brennan \textit{et al}.},
	title = {Tearing mode stability studies near ideal stability boundaries in {DIII-D}},
	journal = {Physics of Plasmas},
	volume = {9},
	number = {7},
	pages = {2998-3006},
	note = {\url{http://scitation.aip.org/content/aip/journal/pop/9/7/10.1063/1.1481504}},
	year = {2002}}

@article{buttery2008,
	author = {R.J. Buttery \textit{et al}.},
	title = {The influence of rotation on the normalized beta threshold for the 2/1 neoclassical tearing mode in {DIII-D}},
	journal = {Physics of Plasmas},
	volume = {15},
	number = {5},
	pages = {056115},
	note = {\url{http://scitation.aip.org/content/aip/journal/pop/15/5/10.1063/1.2894215}},
	year = {2008}}

@article{graves2010,
	author = {J.P. Graves \textit{et al}.},
	title = {Experimental verification of sawtooth control by energetic particles in ion cyclotron resonance heated {JET} tokamak plasmas},
	journal = {Nuclear Fusion},
	volume = {50},
	number = {5},
	pages = {052002},
	note = {\url{http://stacks.iop.org/0029-5515/50/i=5/a=052002}},
	year = {2010}}

@article{campbell1988,
	author = {D.J. Campbell \textit{et al}.},
	title = {Stabilization of sawteeth with additional heating in the {JET} tokamak},
	journal = {Physics Review Letter},
	volume = {60},
	number = {21},
	pages = {2148-2151},
	note = {\url{http://link.aps.org/doi/10.1103/PhysRevLett.60.2148}},
	year = {1988}}

@article{goodman2008,
	author = {T.P. Goodman},
	title = {Experience in integrated control of the multi-megawatt electron cyclotron heating system on the {TCV} tokamak: the first decade},
	journal = {Nuclear Fusion},
	volume = {48},
	number = {5},
	pages = {054011},
	note = {\url{http://stacks.iop.org/0029-5515/48/i=5/a=054011}},
	year = {2008}}

@article{angioni2003,
	author = {C. Angioni \textit{et al}.},
	title = {Effects of localized electron heating and current drive on the sawtooth period},
	journal = {Nuclear Fusion},
	volume = {43},
	number = {6},
	pages = {455},
	note = {\url{http://stacks.iop.org/0029-5515/43/i=6/a=308}},
	year = {2003}}

@article{fishpool2013,
	author = {G. Fishpool \textit{et al}.},
	title = {MAST-upgrade divertor facility and assessing performance of long-legged divertors},
	journal = {Journal of Nuclear Materials},
	volume = {438, Supplement},
	number = {0},
	pages = {S356 - S359},
	year = {2013},
	note = {\url{http://www.sciencedirect.com/science/article/pii/S0022311513000755}}}


@article{zohm2013,
  	author={H. Zohm \textit{et al}.},
  	title={On the physics guidelines for a tokamak {DEMO}},
  	journal={Nuclear Fusion},
  	volume={53},
  	number={7},
  	pages={073019},
  	note = {\url{http://stacks.iop.org/0029-5515/53/i=7/a=073019}},
  	year={2013}}

@article{ridolfini2013,
	author = {V.P. Ridolfini \textit{et al}.},
	title = {Preliminary 2{D} code simulation of the quasi-snowflake divertor configuration in the {FAST} tokamak},
	journal = {Fusion Engineering and Design},
	volume = {88},
	number = {9-10},
	pages = {1677 - 1681},
	year = {2013},
	note = {Proceedings of the 27th Symposium On Fusion Technology (SOFT-27); Liège, Belgium, September 24-28, 2012},
	note = {\url{\http://www.sciencedirect.com/science/article/pii/S0920379613005334}}}

@article{leonard1995,
	author = {A.W. Leonard \textit{et al}.},
	title = {Power balance in {DIII-D} during single-null {ELM}ing {H}-mode plasmas},
	journal = {Journal of Nuclear Materials},
	volume = {220–222},
	number = {0},
	pages = {325 - 329},
	year = {1995},
	note = {\url{http://www.sciencedirect.com/science/article/pii/0022311594004935}}}

@article{maraschek2005,
	author = {M. Maraschek \textit{et al}.},
	title = {Active control of {MHD} instabilities by {ECCD} in {ASDEX U}pgrade},
	journal = {Nuclear Fusion},
	volume = {45},
	number = {11},
	pages = {1369-1376},
	note = {\url{http://stacks.iop.org/0029-5515/45/i=11/a=018}},
	year = {2005}}

@article{zohm1997,
  	author={H. Zohm \textit{et al}.},
  	title={Neoclassical {MHD} in {ASDEX U}pgrade and {COMPASS-D}},
 	 journal={Plasma Physics and Controlled Fusion},
  	volume={39},
  	number={12B},
  	pages={B237},
 	note = {\url{http://stacks.iop.org/0741-3335/39/i=12B/a=018}},
	  year={1997}}

@article{chapman2012,
	author = {I.T. Chapman},
	title = {Sawtooth control using electron cyclotron current drive in {ITER} demonstration plasmas in {DIII-D}},
	journal = {Nuclear Fusion},
	volume = {52},
	number = {6},
	pages = {063006},
	note = {\url{http://stacks.iop.org/0029-5515/52/i=6/a=063006}},
	year = {2012}}

@article{liu_liu1997,
	author = {Y.R. Lin-Liu \textit{et al}.},
	title = {Modeling of 110 GHz electron cyclotron wave propagation and absorption on {DIII-D}},
	journal = {Radio Frequency Power in Plasmas: 12th Topical Conference},
	volume = {CP403},
	pages = {195},
	note = {\url{http://scitation.aip.org/content/aip/proceeding/aipcp/10.1063/1.53363}},
	year = {1997}}

@article{goodman2011,
	author = {T.P. Goodman \textit{et al}.},
	title = {Sawtooth pacing by real-time auxiliary power control in a tokamak plasma},
	journal = {Physics Review Letter},
	volume = {106},
	number = {24},
	pages = {245002},
	note = {\url{http://link.aps.org/doi/10.1103/PhysRevLett.106.245002}},
	year = {2011}}

@article{nagasaki2005,
	author = {K. Nagasaki \textit{et al}.},
	title = {Stabilization of neoclassical tearing mode by {ECCD} and its evolution simulation on {JT-60U} tokamak},
	journal = {Nuclear Fusion},
	volume = {45},
	number = {12},
	pages = {1608-1617},
	note = {\url{http://stacks.iop.org/0029-5515/45/i=12/a=016}},
	year = {2005}}

@article{prater2007,
	author = {R. Prater \textit{et al}.},
	title = {Stabilization and prevention of the 2/1 neoclassical tearing mode for improved performance in {DIII-D}},
	journal = {Nuclear Fusion},
	volume = {47},
	number = {5},
	pages = {371-377},
	note = {\url{http://stacks.iop.org/0029-5515/47/i=5/a=001}},
	year = {2007}}

@article{felici2012,
	author = {F. Felici \textit{et al}.},
	title = {Integrated real-time control of {MHD} instabilities using multi-beam {ECRH/ECCD} systems on {TCV}},
	journal = {Nuclear Fusion},
	volume = {52},
	number = {7},
	pages = {074001},
	note = {\url{http://stacks.iop.org/0029-5515/52/i=7/a=074001}},
	year = {2012}}

@article{hofmann1988a,
	author = {F. Hofmann \textit{et al}.},
	title = {TOKAMAK EQUILIBRIUM RECONSTRUCTION USING FARADAY ROTATION MEASUREMENTS},
	journal = {Nuclear Fusion},
	volume = {28},
	number = {10},
	pages = {1871-1878},
	note = {\url{http://stacks.iop.org/0029-5515/28/i=10/a=014}},
	year = {1988}}
	
	@article{hofmann1990,
	author = {F. Hofmann \textit{et al}.},
	title = {Plasma shape and position control in highlt elongated tokamaks},
	journal = {Nuclear Fusion},
	volume = {30},
	number = {10},
	pages = {2013-2022},
	note = {\url{https://doi.org/10.1088/0029-5515/30/10/003}},
	year = {1990}}
	
	@article{hofmann1988c,
	author = {F. Hofmann \textit{et al}.},
	title = {Fast identification of plasma boundary and X-points in elongated tokamaks},
	journal = {Nuclear Fusion},
	volume = {28},
	number = {3},
	pages = {519-522},
	note = {\url{https://doi.org/10.1088/0029-5515/28/3/015}},
	year = {1988}}
	
	@article{hofmann1995b,
	author = {F. Hofmann \textit{et al}.},
	title = {Plasma shape control in TCV plasmas using MGAMS},
	journal = {Controlled Fusion and Plasma Physics: Proc. 22th EPS, Bornemouth},
	pages = {17-20},
	year = {1995}}

@article{hofmann1988b,
	author = {F. Hofmann},
	title = {{FBT} - a free-boundary tokamak equilibrium code for highly elongated and shaped plasmas},
	journal = {Computer Physics Communications},
	volume = {48},
	number = {2},
	pages = {207-221},
	year = {1988},
	doi = {http://dx.doi.org/10.1016/0010-4655(88)90041-0},
	note = {\url{http://www.sciencedirect.com/science/article/pii/0010465588900410}}}

@article{bagatin1997,
   	author = {M. Bagatin \textit{et al}.},
   	title = {Automatic fast fitting of single Langmuir probe characteristics  on RFX},
   	journal = {Review of Scientific Instruments},
   	year = {1997},
   	volume = {68},
   	number = {1}, 
   	pages = {365-368},
   	note = {\url{http://scitation.aip.org/content/aip/journal/rsi/68/1/10.1063/1.1147831}},
   	doi = {http://dx.doi.org/10.1063/1.1147831}}

@article{duperrex1992,
	author = {P.A. Duperrex \textit{et al}.},
	title = {GLOBAL SAWTOOTH INSTABILITY MEASURED BY MAGNETIC COILS IN THE {JET} TOKAMAK},
	journal = {Nuclear Fusion},
	volume = {32},
	number = {7},
	pages = {1161-1180},
	note = {\url{http://stacks.iop.org/0029-5515/32/i=7/a=I07}},
	year = {1992}}

@article{moret1998,
	author = {J.-M. Moret \textit{et al}.},
	title = {Magnetic measurements on the {TCV} Tokamak},
	journal = {Review of Scientific Instruments},
	volume = {69},
	number = {6},
	pages = {2333-2348},
	note = {\url{http://scitation.aip.org/content/aip/journal/rsi/69/6/10.1063/1.1148940}},
	year = {1998}}
    
@article{moret2003,
author = {J.-M. Moret \textit{et al}.},
title = {Fast single loop diamagnetic measurements on the {TCV} tokamak},
journal = {Review of Scientific Instruments},
volume = {74},
number = {11},
pages = {4634-4643},
year = {2003},
doi = {10.1063/1.1614856},
note = {\url{https://doi.org/10.1063/1.1614856}}}

@article{umansky2009,
  	author={M.V. Umansky \textit{et al}.},
  	title={Analysis of geometric variations in high-power tokamak divertors},
  	journal={Nuclear Fusion},
  	volume={49},
  	number={7},
  	pages={075005},
  	note = {\url{http://stacks.iop.org/0029-5515/49/i=7/a=075005}},
  	year={2009}}

@article{sauter1999,
	author = {O. Sauter \textit{et al}.},
	title = {Neoclassical conductivity and bootstrap current formulas for general axisymmetric equilibria and arbitrary collisionality regime},
	journal = {Physics of Plasmas},
	volume = {6},
	number = {7},
	pages = {2834-2839},
	note = {\url{http://scitation.aip.org/content/aip/journal/pop/6/7/10.1063/1.873240}},
	year = {1999}}

@article{sauter2002,
	author = {O. Sauter \textit{et al}.},
	title = {Erratum: ``{N}eoclassical conductivity and bootstrap current formulas for general axisymmetric equilibria and arbitrary collisionality regime [Phys. Plasmas 6, 2834 (1999)]''},
	journal = {Physics of Plasmas},
	volume = {9},
	number = {12},
	pages = {5140-5140},
	note = {\url{http://scitation.aip.org/content/aip/journal/pop/9/12/10.1063/1.1517052}},
	year = {2002}}

@article{lauret2012,
	author = {M. Lauret \textit{et al}.},
	title = {Demonstration of sawtooth period locking with power modulation in {TCV} plasmas},
	journal = {Nuclear Fusion},
	volume = {52},
	number = {6},
	pages = {062002},
	note = {\url{http://stacks.iop.org/0029-5515/52/i=6/a=062002}},
	year = {2012}}

@article{sauter2004,
	author = {O. Sauter \textit{et al}.},
	title = {On the contribution of local current density to neoclassical tearing mode stabilization},
	journal = {Physics of Plasmas},
	volume = {11},
	number = {10},
	pages = {4808-4813},
	note = {\url{http://scitation.aip.org/content/aip/journal/pop/11/10/10.1063/1.1787791}},
	year = {2004}}

@article{chapman2010,
	author = {I.T. Chapman \textit{et al}.},
	title = {Empirical scaling of sawtooth period for onset of neoclassical tearing modes},
	journal = {Nuclear Fusion},
	volume = {50},
	number = {10},
	pages = {102001},
	note = {\url{http://stacks.iop.org/0029-5515/50/i=10/a=102001}},
	year = {2010}}

@article{buttery2004,
	author = {R.J. Buttery \textit{et al}.},
	title = {Cross-machine {NTM} physics studies and implications for {ITER}},
	journal = {Fusion Energy - 20th IAEA Proceedings of an International Conference},
	pages = {EX/7-1},
	note = {\url{http://www-naweb.iaea.org/napc/physics/fec/fec2004/papers/ex_7-1.pdf}},
	year = {2004}}

@article{kotschenreuther2004,
	author = {M. Kotschenreuther \textit{et al}.},
	title = {Scrape Off Layer Physics for Burning Plasmas and Innovative Divertor Solutions},
	journal = {Fusion Energy - 20th IAEA Proceedings of an International Conference},
	pages = {IC/P6-43},
	note = {\url{http://www-naweb.iaea.org/napc/physics/fec/fec2004/papers/ic_p6-43.pdf}},
	year = {2004}}

@article{ryutov2008a,
	author = {D.D. Ryutov \textit{et al}.},
	title = {A snowflake divertor: a possible way of improving the power handling in future fusion facilities},
	journal = {Fusion Energy - 22th IAEA Proceedings of an International Conference},
	pages = {IC/P4-8},
	note = {\url{http://www-naweb.iaea.org/napc/physics/FEC/FEC2008/papers/ic_p4-8.pdf}},
	year = {2008}}

@article{buttery2003,
	author = {R.J. Buttery \textit{et al}.},
	title = {Onset of neoclassical tearing modes on {JET}},
	journal = {Nuclear Fusion},
	volume = {43},
	number = {2},
	pages = {69-83},
	note = {\url{http://stacks.iop.org/0029-5515/43/i=2/a=301}},
	year = {2003}}

@article{buttery2000,
	author = {R.J. Buttery \textit{et al}.},
	title = {Neoclassical tearing modes},
	journal = {Plasma Physics and Controlled Fusion},
	volume = {42},
	pages = {B61-B73},
	note = {\url{http://stacks.iop.org/0741-3335/42/i=12B/a=306}},
	year = {2000}}

@article{schittenhelm1997,
	author = {M. Schittenhelm \textit{et al}.},
	title = {ANALYSIS OF COUPLED {MHD} MODES WITH MIRNOV PROBES IN {ASDEX U}PGRADE},
	journal = {Nuclear Fusion},
	volume = {37},
	number = {9},
	pages = {1255-1270},
	note = {\url{http://stacks.iop.org/0029-5515/37/i=9/a=I06}},
	year = {1997}}

@article{furth1963,
	author = {H.P. Furth \textit{et al}.},
	title = {Finite-Resistivity Instabilities of a Sheet Pinch},
	journal = {The Physics of Fluids},
	volume = {6},
	number = {4},
	pages = {459-484},
	note = {\url{http://scitation.aip.org/content/aip/journal/pof1/6/4/10.1063/1.1706761}},
	year = {1963}}

@article{furth1973,
	author = {H.P. Furth \textit{et al}.},
	title = {Tearing mode in the cylindrical tokamak},
	journal = {The Physics of Fluids},
	volume = {16},
	number = {7},
	pages = {1054-1063},
	note = {\url{http://scitation.aip.org/content/aip/journal/pof1/16/7/10.1063/1.1694467}},
	year = {1973}}

@article{glasser1975,
	author = {A.H. Glasser \textit{et al}.},
	title = {Resistive instabilities in general toroidal plasma configurations},
	journal = {The Physics of Fluids},
	volume = {18},
	number = {7},
	pages = {875-888},
	note = {\url{http://scitation.aip.org/content/aip/journal/pof1/18/7/10.1063/1.861224}},
	year = {1975}}

@article{glasser1976,
	author = {A.H. Glasser \textit{et al}.},
	title = {Resistive instabilities in a tokamak},
	journal = {The Physics of Fluids},
	volume = {19},
	number = {4},
	pages = {567-574},
	note = {\url{http://scitation.aip.org/content/aip/journal/pof1/19/4/10.1063/1.861490}},
	year = {1976}}

@article{lutjens2001,
	author = {H. Lutjens \textit{et al}.},
	title = {Curvature effects on the dynamics of tearing modes in tokamaks},
	journal = {Physics of Plasmas},
	volume = {8},
	number = {10},
	pages = {4267-4270},
	note = {\url{http://scitation.aip.org/content/aip/journal/pop/8/10/10.1063/1.1399056}},
	year = {2001}}

@article{popov2002a,
	author = {A.M. Popov \textit{et al}.},
	title = {Simulation of neoclassical tearing modes ({NTMs}) in the {DIII-D} tokamak. {I. NTM} excitation},
	journal = {Physics of Plasmas},
	volume = {9},
	number = {10},
	pages = {4205-4228},
	note = {\url{http://scitation.aip.org/content/aip/journal/pop/9/10/10.1063/1.1505842}},
	year = {2002}}

@article{popov2002b,
	author = {A.M. Popov \textit{et al}.},
	title = {Simulation of neoclassical tearing modes in the {DIII-D} tokamak. {II. S}uppression by radially localized electron cyclotron current drive},
	journal = {Physics of Plasmas},
	volume = {9},
	number = {10},
	pages = {4229-4240},
	note = {\url{http://scitation.aip.org/content/aip/journal/pop/9/10/10.1063/1.1505843}},
	year = {2002}}

@article{brennan2005,
	author = {D.P. Brennan \textit{et al}.},
	title = {A categorization of tearing mode onset in tokamaks via nonlinear simulation},
	journal = {Nuclear Fusion},
	volume = {45},
	number = {9},
	pages = {1178-1190},
	note = {\url{http://stacks.iop.org/0029-5515/45/i=9/a=018}},
	year = {2005}}

@article{fitzpatrick1993,
	author = {R. Fitzpatrick \textit{et al}.},
	title = {Stability of coupled tearing modes in tokamaks},
	journal = {Nuclear Fusion},
	volume = {33},
	number = {10},
	pages = {1533-1576},
	note = {\url{http://stacks.iop.org/0029-5515/33/i=10/a=I11}},
	year = {1993}}

@article{sauter2010,
	author = {O. Sauter \textit{et al}.},
	title = {On the requirements to control neoclassical tearing modes in burning plasmas},
	journal = {Plasma Physics and Controlled Fusion},
	volume = {52},
	number = {2},
	pages = {025002},
	note = {\url{http://stacks.iop.org/0741-3335/52/i=2/a=025002}},
	year = {2010}}

@book{huddlestone2001,
	author = {R.H. Huddlestone and S.L. Leonard},
	title = {Plasma Diagnostic Techniques},
	publisher = {Academic Press},
	address = {New York},
	year = {2001}}

@book{chung1975,
	author = {P.M. Chung, L. Talbot and K.J. Touryan},
	title = {Electric Probes in Stationary and Flowing Plasmas},
	publisher = {Springer-Verlag},
	address = {New York},
	year = {1975}}

@book{podgornyi1971,
	author = {I.M. Podgornyi},
	title = {Topics in Plasma Diagnostics},
	publisher = {Institute of Cosmic Studies},
	address = {Moscow},
	year = {1971}}

@book{bittencourt2004,
	author = {J.A. Bittencourt},
	title = {Fundamentals of Plasma Physics},
	publisher = {Springer},
	address = {New York},
	year = {2004}}

@article{langmuir1926,
	author = {H.M. Mott-Smith and I. Langmuir},
	title = {The Theory of Collectors in Gaseous Discharges},
	journal = {Physical Review},
	volume = {28},
	number = {4},
	pages = {727-763},
	note = {\url{http://link.aps.org/doi/10.1103/PhysRev.28.727}},
	year = {1926}}

@article{goodman1997,
	author = {T.P. Goodman \textit{et al}.},
	title = {DESIGN AND INSTALLATION OF THE ELECTRON CYCLOTRON WAVE SYSTEM FOR THE {TCV} TOKAMAK},
	journal = {Fusion Technology 1996 },
	year = {1997},
	pages = {565 - 568},
	doi = {http://dx.doi.org/10.1016/B978-0-444-82762-3.50111-7},
	note = {url{http://www.sciencedirect.com/science/article/pii/B9780444827623501117}}}

@article{swift1962,
	author = {J.D. Swift},
	title = {Effects of Finite Probe Size in the Determination of Electron Energy Distribution Functions},
	journal = {Proceedings of the Physical Society},
	volume = {79},
	number = {4},
	pages = {697-701},
	note = {\url{http://stacks.iop.org/0370-1328/79/i=4/a=303}},
	year = {1962}}

@article{goeler1974,
	author = {S. von Goeler \textit{et al}.},
	title = {Studies of Internal Disruptions and m=1 Oscillations in Tokamak Discharges with Soft X-Ray Techniques},
	journal = {Physics Review Letter},
	volume = {33},
	number = {20},
	pages = {1201-1203},
	note = {\url{http://link.aps.org/doi/10.1103/PhysRevLett.33.1201}},
	year = {1974}}

@article{perrone1981,
  	author={M.R. Perrone \textit{et al}.},
  	title={Stability of axisymmetric modes in {JET}},
  	journal={Nuclear Fusion},
  	volume={21},
  	number={7},
  	pages={871-879},
  	note={\url{http://stacks.iop.org/0029-5515/21/i=7/a=009}},
  	year={1981}}	

@article{scribner1990,
	author = {D.A. Scribner \textit{et al}.},
	title = {Nonuniformity correction for staring {IR} focal plane arrays using scene based techniques},
	journal = {Procedings of the SPIE: Infrared Detectors and Focal Plane Arrays},
	volume = {1308},
	pages = {224-233},
	note = {\url{http://dx.doi.org/10.1117/12.21730}},
	year = {1990}}

@article{mudau2011,
	author = {A.E. Mudau},
	title = {Non-Uniformity Correction and Bad Pixel Replacement on {LWIR} and {MWIR} Images},
	journal = {Electronics, Communications and Photonics Conference (SIECPC), Saudi International},
	pages = {1-5},
	note = {\url{http://dx.doi.org/10.1109/SIECPC.2011.5876937}},
	year = {2011}}

@article{ewing1983,
	author = {W.S. Ewing},
	title = {Silicide Mosaic Array Compensation},
	journal = {Proceedings of the SPIE: Technical Issues in Infrared Detectors and Arrays},
	volume = {0409},
	pages = {102},
	note = {\url{http://dx.doi.org/10.1117/12.935743}},
	year = {1983}}

@article{tcv,
  	author={F. Hofmann \textit{et al}.},
  	title={Creation and control of variably shaped plasmas in {TCV}},
  	journal={Plasma Physics and Controlled Fusion},
  	volume={36},
  	number={12B},
  	pages={B277},
  	note = {\url{http://stacks.iop.org/0741-3335/36/i=12B/a=023}},
  	year={1994}}

@article{isoz2005,
	author = {W. Isoz \textit{et al}.},
	title = {Nonuniformity correction of infrared focal plane arrays},
	journal = {Proceedings of the SPIE: Infrared Technology and Applications XXXI},
	volume = {5783},
	pages = {949-960},
	note = {\url{http://dx.doi.org/10.1117/12.606691}},
	year = {2005}}

@article{hender2007,
	author = {T.C. Hender \textit{et al}.},
	title = {Chapter 3: {MHD} stability, operational limits and disruptions},
	journal = {Nuclear Fusion},
	volume = {47},
	number = {6},
	pages = {S128-S202},
	note = {\url{http://stacks.iop.org/0029-5515/47/i=6/a=S03}},
	year = {2007}}

@article{chapman2011,
	author = {I.T. Chapman},
	title = {Controlling sawtooth oscillations in tokamak plasmas},
	journal = {Plasma Physics and Controlled Fusion},
	volume = {53},
	number = {1},
	pages = {013001},
	note = {\url{http://stacks.iop.org/0741-3335/53/i=1/a=013001}},
	year = {2011}}

@article{chapman2007,
	author = {I.T. Chapman \textit{et al}.},
	title = {The physics of sawtooth stabilization},
	journal = {Plasma Physics and Controlled Fusion},
	volume = {49},
	number = {12B},
	pages = {B385-B394},
	note = {\url{http://stacks.iop.org/0741-3335/49/i=12B/a=S35}},
	year = {2007}}

@article{pitts1999,
  	author={R.A. Pitts \textit{et al}.},
  	title={The design of central column protection tiles for the {TCV} tokamak},
  	journal={Nuclear Fusion},
  	volume={39},
  	number={10},
  	pages={1433-1449},
           note = {\url{http://stacks.iop.org/0029-5515/39/i=10/a=306}},
  	year={1999}}

@article{frerichs2010,
	author = {H.G Frerichs},
	title = {Three-dimensional plasma transport in open chaotic magnetic fields: {A} computational assessment for tokamak edge layers},
	journal = {PhD thesis no.82, Rheinisch-Westfaelische Technische Hochschule (RWTH), 52062 Aachen, Germany},
	note = {\url{http://darwin.bth.rwth-aachen.de/opus3/volltexte/2010/3272/}},
	year = {2010}}

@article{felici2011,
	author = {F.A.A. Felici},
	title = {Real-Time Control of Tokamak Plasmas: from Control of Physics to Physics-Based Control},
	journal = {PhD thesis no.5203, École Polytechnique Fédérale de Lausanne (EPFL), CH-1015 Lausanne, Switzerland},
	note = {\url{http://dx.doi.org/10.5075/epfl-thesis-5203}},
	year = {2011}}

@article{reimerdes2001,
	author = {H. Reimerdes},
	title = {{MHD} stability limits in the {TCV} tokamak},
	journal = {PhD thesis no.2399, École Polytechnique Fédérale de Lausanne (EPFL), CH-1015 Lausanne, Switzerland},
	note = {\url{http://dx.doi.org/10.5075/epfl-thesis-2399}},
	year = {2001}}

@article{camenen2006,
	author = {Y. Camenen},
	title = {Étude du transport d'énergie thermique dans les plasmas du tokamak à configuration variable au moyen de chauffage électronique cyclotronique},
	journal = {PhD thesis no.3618, École Polytechnique Fédérale de Lausanne (EPFL), CH-1015 Lausanne, Switzerland},
	note = {\url{http://dx.doi.org/10.5075/epfl-thesis-3618}},
	year = {2006}}

@article{barry1999,
	author = {S. Barry},
	title = {The extension of the {FIR} interferometer of {TCV} to a polarimeter and measurements of the {F}araday rotation caused by the poloidal magnetic field},
	journal = {PhD thesis, National University of Ireland, Cork, Ireland - also available as Lausanne Report LRP 638/99},
	note = {\url{http://infoscience.epfl.ch/record/121172/files/lrp_638_99_hq.pdf}},
	year = {1999}}

@article{pitzschke2011,
	author = {A. Pitzschke},
	title = {Pedestal Characteristics and {MHD} Stability of {H}-Mode Plasmas in {TCV}},
	journal = {PhD thesis no.4917, École Polytechnique Fédérale de Lausanne (EPFL), CH-1015 Lausanne, Switzerland},
	note = {\url{http://dx.doi.org/10.5075/epfl-thesis-4917}},
	year = {2011}}

@article{franke1997,
   	author = {S. Franke},
	title = {Application of {T}homson scattering at 1.06 mm as a diagnostic for spatial profile measurements of electron temperature and density on the {TCV} tokamak},
	journal = {PhD thesis no.1654, École Polytechnique Fédérale de Lausanne (EPFL), CH-1015 Lausanne, Switzerland},
   	note = {\url{http://dx.doi.org/10.5075/epfl-thesis-1654}},
   	year = {1997}}

@article{janos_thesis,
	author = {J. Márki},
	title = {Infrared Thermography of Divertor {ELM} Heat Loads on {TCV}},
	journal = {PhD thesis no.5021, École Polytechnique Fédérale de Lausanne (EPFL), CH-1015 Lausanne, Switzerland},
	note = {\url{http://dx.doi.org/10.5075/epfl-thesis-5021}},
	year = {2012}}

@article{graves1999,
	author = {J.P. Graves},
	title = {Kinetic stabilisation of the internal kink mode for fusion plasmas},
	journal = {PhD thesis no.323191, University of Nottingham, Nottingham NG7 2NR, United Kingdom},
	note = {\url{http://hdl.handle.net/10068/678755}},
	year = {1999}}

@article{porcelli1996,
	author = {F. Porcelli \textit{et al}.},
	title = {Model for the sawtooth period and amplitude},
	journal = {Plasma Physics and Controlled Fusion},
	volume = {38},
	number = {12},
	pages = {2163-2186},
	note = {\url{http://stacks.iop.org/0741-3335/38/i=12/a=010}},
	year = {1996}}

@article{angioni2002,
	author = {C. Angioni \textit{et al}.},
	title = {Neutral beam stabilization of sawtooth oscillations in {JET}},
	journal = {Plasma Physics and Controlled Fusion},
	volume = {44},
	number = {2},
	pages = {205-222},
	note = {\url{http://stacks.iop.org/0741-3335/44/i=2/a=305}},
	year = {2002}}

@article{graves2009,
	author = {J.P. Graves \textit{et al}.},
	title = {Sawtooth-Control Mechanism using Toroidally Propagating Ion-Cyclotron-Resonance Waves in Tokamaks},
	journal = {Physical Review Letter},
	volume = {102},
	number = {6},
	pages = {065005},
	note = {\url{http://link.aps.org/doi/10.1103/PhysRevLett.102.065005}},
	year = {2009}}

@article{rutherford1973,
	author = {P.H. Rutherford \textit{et al}.},
	title = {Nonlinear growth of the tearing mode},
	journal = {The Physics of Fluids},
	volume = {16},
	number = {11},
	pages = {1903-1908},
	note = {\url{http://scitation.aip.org/content/aip/journal/pof1/16/11/10.1063/1.1694232}},
	year = {1973}}

@article{chang1995,
	author = {Z. Chang \textit{et al}.},
	title = {Observation of Nonlinear Neoclassical Pressure-Gradient-Driven Tearing Modes in {TFTR}},
	journal = {Physical Review Letters},
	volume = {74},
	number = {23},
	pages = {4663-4666},
	note = {\url{http://link.aps.org/doi/10.1103/PhysRevLett.74.4663}},
	year = {1995}}

@article{kessel1994,
	author = {C.E. Kessel},
	title = {Bootstrap current in a tokamak},
	journal = {Nuclear Fusion},
	volume = {34},
	number = {9},
	pages = {1221-1238},
	note = {\url{http://stacks.iop.org/0029-5515/34/i=9/a=I04}},
	year = {1994}}

@article{ayten2011,
	author = {B. Ayten \textit{et al}.},
	title = {Modelling of tearing mode suppression experiments in {TEXTOR} based on the generalized {R}utherford equation},
	journal = {Nuclear Fusion},
	volume = {51},
	number = {4},
	pages = {043007},
	note = {\url{http://stacks.iop.org/0029-5515/51/i=4/a=043007}},
	year = {2011}}

@article{chang1990,
	author = {Z. Chang \textit{et al}.},
	title = {Global energy confinement degradation due to macroscopic phenomena in tokamaks},
	journal = {Nuclear Fusion},
	volume = {30},
	number = {2},
	pages = {219-233},
	note = {\url{http://stacks.iop.org/0029-5515/30/i=2/a=003}},
	year = {1990}}

@article{gunter1999,
	author = {S Günter \textit{et al}.},
	title = {Influence of neoclassical tearing modes on energy confinement},
	journal = {Plasma Physics and Controlled Fusion},
	volume = {41},
	number = {6},
	pages = {767-774},
	note = {\url{http://stacks.iop.org/0741-3335/41/i=6/a=306}},
	year = {1999}}

@article{prater2004,
	author = {R. Prater},
	title = {Heating and current drive by electron cyclotron waves},
	journal = {Physics of Plasmas},
	volume = {11},
	number = {5},
	pages = {2349-2376},
	note = {\url{http://scitation.aip.org/content/aip/journal/pop/11/5/10.1063/1.1690762}},
	year = {2004}}

@article{hegna1997,
	author = {C.C. Hegna \textit{et al}.},
	title = {On the stabilization of neoclassical magnetohydrodynamic tearing modes using localized current drive or heating},
	journal = {Physics of Plasmas},
	volume = {4},
	number = {8},
	pages = {2940-2946},
	note = {\url{http://scitation.aip.org/content/aip/journal/pop/4/8/10.1063/1.872426}},
	year = {1997}}

@article{hegna1999,
	author = {C.C. Hegna \textit{et al}.},
	title = {Dynamics of seed magnetic island formation due to geometrically coupled perturbations},
	journal = {Physics of Plasmas},
	volume = {6},
	number = {1},
	pages = {130-136},
	note = {\url{http://scitation.aip.org/content/aip/journal/pop/6/1/10.1063/1.873265}},
	year = {1999}}

@article{lazzari2009,
	author = {D. De Lazzari \textit{et al}.},
	title = {On the merits of heating and current drive for tearing mode stabilization},
	journal = {Nuclear Fusion},
	volume = {49},
	number = {7},
	pages = {075002},
	note = {\url{http://stacks.iop.org/0029-5515/49/i=7/a=075002}},
	year = {2009}}

@article{lazzari2010,
	author = {D. De Lazzari \textit{et al}.},
	title = {Erratum: ``{O}n the merits of heating and current drive for tearing mode stabilization [Nuclear Fusion 49, 075002 (2009)]''},
	journal = {Nuclear Fusion},
	volume = {50},
	number = {7},
	pages = {079801},
	note = {\url{http://stacks.iop.org/0029-5515/50/i=7/a=079801}},
	year = {2010}}

@article{connor1988,
	author = {J.W. Connor \textit{et al}.},
	title = {Tearing modes in toroidal geometry},
	journal = {The Physics of Fluids},
	volume = {31},
	number = {3},
	pages = {577-590},
	note = {\url{http://scitation.aip.org/content/aip/journal/pof1/31/3/10.1063/1.866840}},
	year = {1988}}

@article{maget2005,
	author = {P. Maget \textit{et al}.},
	title = {{MHD} activity triggered by monster sawtooth crashes on {T}ore {S}upra},
	journal = {Plasma Physics and Controlled Fusion},
	volume = {47},
	number = {2},
	pages = {357-377},
	note = {\url{http://stacks.iop.org/0741-3335/47/i=2/a=010}},
	year = {2005}}

@article{NIMROD,
	author = {C.R. Sovinec \textit{et al}.},
	title = {Nonlinear magnetohydrodynamics simulation using high-order finite elements},
	journal = {Journal of Computacional Physics},
	volume = {195},
	number = {1},
	pages = {355-386},
	note = {\url{http://www.sciencedirect.com/science/article/pii/S0021999103005369}},
	year = {2004}}

@article{NFTC,
	author = {A.M. Popov \textit{et al}.},
	title = {Nonlinear three-dimensional self-consistent simulations of negative central shear discharges in the {DIII-D} tokamak},
	journal = {Physics of Plasmas},
	volume = {8},
	number = {8},
	pages = {3605-3619},
	note = {\url{http://scitation.aip.org/content/aip/journal/pop/8/8/10.1063/1.1380235}},
	year = {2001}}

@article{wilson1996,
	author = {H.R. Wilson \textit{et al}.},
	title = {Threshold for neoclassical magnetic islands in a low collision frequency tokamak},
	journal = {Physics of Plasmas},
	volume = {3},
	number = {1},
	pages = {248-265},
	note = {\url{http://scitation.aip.org/content/aip/journal/pop/3/1/10.1063/1.871830}},
	year = {1996}}

@article{buttery2001,
	author = {R.J. Buttery \textit{et al}.},
	title = {Rotation and Shape dependence of Neoclassical Tearing Mode thresholds on {JET}},
	journal = {Controlled Fusion and Plasma Physics: Proc. 28th EPS, Funchal},
	volume = {ECA Vol. 25A},
	pages = {1813-1816},
	note = {\url{http://epsppd.epfl.ch/Madeira/html/pdf/P5.011.pdf}},
	year = {2001}}

@article{takase2001,
	author = {H. Takase},
	title = {Guidance of Divertor Channel by Cusp-Like Magnetic Field for Tokamak Devices},
	journal = {Journal of the Physical Society of Japan},
	volume = {70},
	number = {3},
	pages = {609-612},
	note = {\url{http://journals.jps.jp/doi/abs/10.1143/JPSJ.70.609}},
	year = {2001}}

@article{troyon1984,
	author = {F. Troyon \textit{et al}.},
	title = {{MHD}-Limits to Plasma Confinement},
	journal = {Plasma Physics and Controlled Fusion},
	volume = {26},
	number = {1A},
	pages = {209-215},
	note = {\url{http://stacks.iop.org/0741-3335/26/i=1A/a=319}},
	year = {1984}}

@article{canal2013,
	author = {G.P. Canal \textit{et al}.},
	title = {Fast seeding of {NTM}s by sawtooth crashes in {TCV} and their preemption using {ECRH}},
	journal = {Nuclear Fusion},
	volume = {53},
	number = {11},
	pages = {113026},
	note = {\url{http://stacks.iop.org/0029-5515/53/i=11/a=113026}},
	year = {2013}}

@article{spitzer1951,
	author = {L. Spitzer},
	title = {{US} atomic energy commission report},
	journal = {Technical Report},
	volume = { {NYO-993 (PM-S-1)}},
	year = {1951}}

@article{spitzer1958,
	author = {L. Spitzer},
	title = {The Stellarator Concept},
	journal = {The Physics of Fluids},
	volume = {1},
	number = {4},
	pages = {253-264},
	note = {\url{http://scitation.aip.org/content/aip/journal/pof1/1/4/10.1063/1.1705883}},
	year = {1958}}

@article{kotschenreuther2007,
   	author = {M. Kotschenreuther \textit{et al}.},
   	title = {On heat loading, novel divertors, and fusion reactors},
   	journal = {Physics of Plasmas},
   	year = {2007},
   	volume = {14},
   	number = {7}, 
   	pages = {072502},
  	note = {\url{http://scitation.aip.org/content/aip/journal/pop/14/7/10.1063/1.2739422}},
   	doi = {http://dx.doi.org/10.1063/1.2739422}}

@article{kotschenreuther2013,
   	author = {M. Kotschenreuther \textit{et al}.},
   	title = {Magnetic Geometry and Physics of Advanced Divertors: The X-Divertor and the Snowflake},
   	journal = {Cornell University Library},
   	year = {2013},
  	note = {\url{http://arxiv.org/abs/1309.5289}}}

@article{pitts2009,
  	author={R.A. Pitts \textit{et al}.},
  	title={Status and physics basis of the ITER divertor},
  	journal={Physica Scripta},
  	volume={2009},
  	number={T138},
  	pages={014001},
 	note = {\url{http://stacks.iop.org/1402-4896/2009/i=T138/a=014001}},
  	year={2009}}

@article{pitcher1997,
	author = {C.S. Pitcher and P.C. Stangeby},
	title = {Experimental divertor physics},
	journal = {Plasma Physics and Controlled Fusion},
	volume = {39},
	number = {6},
	pages = {779-930},
	note = {\url{http://stacks.iop.org/0741-3335/39/i=6/a=001}},
	year = {1997}}

@article{piras2009,
	author = {F. Piras \textit{et al}.},
	title = {Snowflake divertor plasmas on {TCV}},
	journal = {Plasma Physics and Controlled Fusion},
	volume = {51},
	number = {5},
	pages = {055009},
	note = {\url{http://stacks.iop.org/0741-3335/51/i=5/a=055009}},
	year = {2009}}

@article{piras2010,
  	title = {``{S}nowflake'' {H}-Mode in a Tokamak Plasma},
  	author = {F. Piras \textit{et al}.},
  	journal = {Physical Review Letters},
  	volume = {105},
  	issue = {15},
  	pages = {155003},
  	year = {2010},
  	doi = {10.1103/PhysRevLett.105.155003},
 	note = {\url{http://link.aps.org/doi/10.1103/PhysRevLett.105.155003}}}


@article{umansky2010,
	author = {M.V. Umansky \textit{et al}.},
	title = {Edge Plasma in Snowflake Divertor},
	journal = {Contributions to Plasma Physics},
	volume = {50},
	number = {3-5},
	pages = {350-355},
	note = {\url{http://dx.doi.org/10.1002/ctpp.201010057}},
	year = {2010}}

@article{soukhanovskii2012,
   	author = {V.A. Soukhanovskii \textit{et al}.},
   	title = {Snowflake divertor configuration studies in {N}ational {S}pherical {T}orus {E}xperiment},
   	journal = {Physics of Plasmas},
   	year = {2012},
   	volume = {19},
   	number = {8}, 
   	pages = {082504},
  	note = {\url{http://scitation.aip.org/content/aip/journal/pop/19/8/10.1063/1.4737117}},
  	doi = {http://dx.doi.org/10.1063/1.4737117}}

@article{allen2012,
	author = {S.L. Allen \textit{et al}.},
   	title = {Initial Snowflake Divertor Physics Studies on {DIII-D}},
	journal = {Fusion Energy - 24th IAEA Proceedings of an International Conference},
	pages = {PD/1-2},
	note = {\url{http://www-naweb.iaea.org/napc/physics/FEC/FEC2012/presentations/801_PD12.pdf}},
	year = {2012}}

@article{soukhanovskii2011,
	author = {V.A. Soukhanovskii \textit{et al}.},
	title = {Snowflake divertor configuration in {NSTX}},
	journal = {Journal of Nuclear Materials. Proceedings of the 19th International Conference on Plasma-Surface Interactions in Controlled Fusion},
	volume = {415},
	number = {1, Supplement},
	pages = {S365 - S368},
	year = {2011},
	doi = {http://dx.doi.org/10.1016/j.jnucmat.2010.07.047},
	note = {\url{http://www.sciencedirect.com/science/article/pii/S0022311510003570}}}

@article{soukhanovskii2013,
	author = {V.A. Soukhanovskii \textit{et al}.},
	title = {Advanced divertor configurations with large flux expansion},
	journal = {Journal of Nuclear Materials},
	volume = {438, Supplement},
	number = {0},
	pages = {S96-S101},
	year = {2013},
	note = {\url{http://www.sciencedirect.com/science/article/pii/S0022311513000238}},
	doi = {http://dx.doi.org/10.1016/j.jnucmat.2013.01.015}}

@article{reimerdes2013,
	author = {H. Reimerdes \textit{et al}.},
	title={Power distribution in the snowflake divertor in {TCV}},
  	journal={Plasma Physics and Controlled Fusion},
  	volume={55},
  	number={12},
  	pages={124027},
	note = {\url{http://stacks.iop.org/0741-3335/55/i=12/a=124027}},
  	year={2013}}

@article{reimerdes2014,
	author = {H. Reimerdes \textit{et al}.},
	title={Experimental investigation of neon seeding in the snowflake configuration},
  	journal={Submitted to Journal of Nuclear Materials},
  	year={2014}}

@article{canal2014,
	author = {G.P. Canal \textit{et al}.},
	title={The influence of the $\vec{E} \times \vec{B}$ drift on the target profiles of the {TCV} snowflake divertor},
  	journal={To be submitted to Nuclear Fusion},
  	year={2014}}

@article{valanju2009,
	author = {P.M. Valanju \textit{et al}.},
	title = {Super-{X} divertors and high power density fusion devices},
	journal = {Physics of Plasmas},
	volume = {16},
	number = {5},
	pages = {056110},
	note = {\url{http://scitation.aip.org/content/aip/journal/pop/16/5/10.1063/1.3110984}},
	year = {2009}}

@article{peeters2000,
  	author={A.G. Peeters},
  	title={The bootstrap current and its consequences},
  	journal={Plasma Physics and Controlled Fusion},
  	volume={42},
  	number={12B},
  	pages={B231},
	note = {\url{http://stacks.iop.org/0741-3335/42/i=12B/a=318}},
  	year={2000}}

@article{bickerton1971,
	author = {R.J. Bickerton \textit{et al}.},
	title = {Diffusion Driven Plasma Currents and Bootstrap Tokamak},
	journal = {Nature Physical Science},
	volume = {229},
	pages = {110-112},
	note = {\url{http://www.nature.com/nature-physci/journal/v229/n4/abs/physci229110a0.html}},
	year = {1971}}

@article{graves2012,
	author = {J.P. Graves \textit{et al}.},
	title = {Control of magnetohydrodynamic stability by phase space engineering of energetic ions in tokamak plasmas},
	journal = {Nature Communications},
	volume = {3},
	number = {624},
	note = {\url{http://dx.doi.org/10.1038/ncomms1622}},
	year = {2012}}

@article{graves2011,
	author = {J.P. Graves \textit{et al}.},
	title = {RECENT ADVANCES IN SAWTOOTH CONTROL},
	journal = {Fusion Science and Technology},
	volume = {59},
	number = {3},
	pages={539-548},
	note = {\url{http://epubs.ans.org/download/?a=11695}},
	year = {2011}}

@article{koslowski2012,
	author = {H.R. Koslowski \textit{et al}.},
	title = {OPERATIONAL LIMITS AND LIMITING INSTABILITIES IN TOKAMAK MACHINES},
	journal = {Transactions of Fusion Science and Technology},
	volume = {61},
	number = {2T},
	pages={96-103},
	note = {\url{http://epubs.ans.org/download/?a=13496}},
	year = {2012}}

@article{loarte1998,
  	author={A. Loarte \textit{et al}.},
  	title={Plasma detachment in {JET} {M}ark {I} divertor experiments},
  	journal={Nuclear Fusion},
  	volume={38},
 	number={3},
  	pages={331-371},
 	note = {\url{http://stacks.iop.org/0029-5515/38/i=3/a=303}},
  	year={1998}}

@article{loarte1999,
  	author={A. Loarte \textit{et al}.},
  	title={Multi-machine scaling of the divertor peak heat flux and width for {L}-mode and {H}-mode discharges},
  	journal={Journal of Nuclear Materials},
  	volume={266–269},
 	number={0},
  	pages={587 - 592},
 	note = {\url{http://www.sciencedirect.com/science/article/pii/S002231159800590X}},
  	year={1999}}

@article{monk1997,
	author = {R.D. Monk \textit{et al}.},
	title = {Interpretation of ion flux and electron temperature profiles at the {JET} divertor target during high recycling and detached discharges},
	journal = {Journal of Nuclear Materials},
	volume = {241-243},
	number = {0},
	pages = {396 - 401},
	doi = {http://dx.doi.org/10.1016/S0022-3115(97)80071-2},
	note = {\url{http://www.sciencedirect.com/science/article/pii/S0022311597800712}},
	year = {1997}}

@article{boedo2000,
	author = {J.A. Boedo \textit{et al}.},
	title = {Electric field-induced plasma convection in tokamak divertors},
	journal = {Physics of Plasmas},
	volume = {7},
	number = {4},
	pages = {1075-1078},
	note = {\url{http://scitation.aip.org/content/aip/journal/pop/7/4/10.1063/1.873915}},
   	doi = {http://dx.doi.org/10.1063/1.873915},
	year = {2000}}

@article{eich2011,
	author = {T. Eich \textit{et al}.},
	title = {Inter-{ELM} Power Decay Length for {JET} and {ASDEX U}pgrade: {M}easurement and Comparison with Heuristic Drift-Based Model},
	journal = {Physical Review Letters},
	volume = {107},
	number = {21},
	pages = {215001},
	note = {\url{http://link.aps.org/doi/10.1103/PhysRevLett.107.215001}},
	year = {2011}}

@article{connor1994,
	author = {J.W. Connor and H.R. Wilson},
	title = {Survey of theories of anomalous transport},
	journal = {Plasma Physics and Controlled Fusion},
	volume = {36},
	number = {5},
	pages = {719-795},
	note = {\url{http://stacks.iop.org/0741-3335/36/i=5/a=002}},
	year = {1994}}

@article{hinton1976,
	author = {F.L. Hinton and R.D. Hazeltine},
	title = {Theory of plasma transport in toroidal confinement devices},
	journal = {Reviews of Modern Physics},
	volume = {48},
	number = {2},
	pages = {239-308},
	year = {1976},
	doi = {10.1103/RevModPhys.48.239},
	note = {\url{http://link.aps.org/doi/10.1103/RevModPhys.48.239}}}

@article{levinton1995,
 	title = {Improved Confinement with Reversed Magnetic Shear in {TFTR}},
  	author = {F.M. Levinton \textit{et al}.},
  	journal = {Physical Review Letters},
  	volume = {75},
  	issue = {24},
  	pages = {4417-4420},
  	year = {1995},
  	doi = {10.1103/PhysRevLett.75.4417},
	note = {\url{http://link.aps.org/doi/10.1103/PhysRevLett.75.4417}}}

@article{lazarus1996,
  	title = {Higher Fusion Power Gain with Current and Pressure Profile Control in Strongly Shaped {DIII-D} Tokamak Plasmas},
	author = {E.A. Lazarus \textit{et al}.},
  	journal = {Physical Review Letters},
  	volume = {77},
  	issue = {13},
  	pages = {2714-2717},
  	year = {1996},
  	doi = {10.1103/PhysRevLett.77.2714},
 	note = {\url{http://link.aps.org/doi/10.1103/PhysRevLett.77.2714}}}

@article{efthimion1996,
	author = {P.C. Efthimion \textit{et al}.},
	title = {Observation of neoclassical transport in reverse shear plasmas on {TFTR}},
	journal = {Nuclear Fusion},
	volume = {39},
	number = {11Y},
	pages = {1905-1909},
	note = {\url{http://stacks.iop.org/0029-5515/39/i=11Y/a=333}},
	year = {1996}}

@article{tang1978,
	author = {W.M. Tang \textit{et al}.},
	title={Microinstability theory in tokamaks},
  	journal={Nuclear Fusion},
  	volume={18},
 	 number={8},
	pages = {1089-1160},
	year = {1978},
	note = {\url{http://stacks.iop.org/0029-5515/18/i=8/a=006}}}

@book{goldston1997,
	author = {R.J. Goldston and P.H. Rutherford},
	title = {Introduction to plasma physics},
	publisher = {Institute of Physics Publishing},
	address = {London},
	year = {1997}}

@article{hinton1989,
	author={F.L. Hinton and G.M. Staebler},
  	title={Collisional transport near the separatrix of a tokamak and the {H}-mode},
  	journal={Nuclear Fusion},
 	volume={29},
  	number={3},
  	pages={405-414},
	note = {\url{http://stacks.iop.org/0029-5515/29/i=3/a=004}},
  	year={1989}}

@article{chankin1994,
  	author={A.V. Chankin \textit{et al}.},
  	title={The effect of {BT} reversal on the asymmetries between the strike zones in single null divertor discharges: experiment and theories},
  	journal={Plasma Physics and Controlled Fusion},
  	volume={36},
  	number={11},
  	pages={1853-1864},
	note = {\url{http://stacks.iop.org/0741-3335/36/i=11/a=011}},
  	year={1994}}

@article{chankin2001,
  	author={A.V. Chankin \textit{et al}.},
  	title={Possible explanation for doubly peaked profiles at the divertor target in {JET}},
  	journal={Plasma Physics and Controlled Fusion},
  	volume={43},
  	number={3},
  	pages={299-304},
 	note = {\url{http://stacks.iop.org/0741-3335/43/i=3/a=305}},
  	year={2001}}

@article{chankin1997,
  	author={A.V. Chankin \textit{et al}.},
  	title={Classical drifts in the tokamak {SOL} and divertor: models and experiment},
  	journal={Journal of Nuclear Materials},
  	volume={241-243},
  	number={0},
  	pages={199-213},
	doi = {http://dx.doi.org/10.1016/S0022-3115(97)80040-2},
	note = {\url{http://www.sciencedirect.com/science/article/pii/S0022311597800402}},
  	year={1997}}

@article{hutchinson1995,
  	author={I.H. Hutchinson \textit{et al}.},
  	title={The effects of field reversal on the {A}lcator {C-}Mod divertor},
  	journal={Plasma Physics and Controlled Fusion},
  	volume={37},
  	number={12},
  	pages={1389-1406},
 	note = {\url{http://stacks.iop.org/0741-3335/37/i=12/a=004}},
  	year={1995}}

@article{reiter2005,
	author = {D. Reiter \textit{et al}.},
	title = {The {EIRENE} and {B2-EIRENE} codes},
	journal = {Fusion Science and Technology},
	volume = {47},
	number = {2},
	pages = {172-186},
	note = {\url{http://epubs.ans.org/download/?a=698}},
	year = {2005}}

@article{runov2006,
	author = {A.M. Runov \textit{et al}.},
	title = {{3D M}onte {C}arlo modelling of edge plasmas in fusion experiments},
	journal = {Journal of Plasma Physics},
	volume = {72},
	number = {6},
	pages = {1109-1112},
	note = {\url{http://dx.doi.org/10.1017/S0022377806005745}},
	year = {2006}}

@article{feng2004,
	author = {Y. Feng \textit{et al}.},
	title = {{3D} Edge Modeling and Island Divertor Physics},
	journal = {Contributions to Plasma Physics},
	volume = {44},
	number = {1-3},
	publisher = {WILEY-VCH Verlag},
	note = {\url{http://dx.doi.org/10.1002/ctpp.200410009}},
	doi = {10.1002/ctpp.200410009},
	pages = {57-69},
	year = {2004}}

@article{braginskii1965,
	author = {S.I. Braginskii},
	title = {Transport processes in plasma},
	journal = {Reviews of Plasma Physics},
	volume = {1},
	pages = {205-311},
	note = {\url{http://people.hao.ucar.edu/judge/homepage/PHSX515/fall2012/Braginskii1965.pdf}},
	year = {1965}}

@article{ryutov2010,
  	author={D.D. Ryutov \textit{et al}.},
  	title={Local properties of the magnetic field in a snowflake divertor},
  	journal={Plasma Physics and Controlled Fusion},
  	volume={52},
  	number={10},
  	pages={105001},
 	note = {\url{http://stacks.iop.org/0741-3335/52/i=10/a=105001}},
  	year={2010}}

@article{ryutov2007,
   	author = {D.D. Ryutov},
   	title = {Geometrical properties of a snowflake divertor},
   	journal = {Physics of Plasmas},
   	year = {2007},
   	volume = {14},
   	number = {6}, 
   	pages = {064502},
  	note = {\url{http://scitation.aip.org/content/aip/journal/pop/14/6/10.1063/1.2738399}},
   	doi = {http://dx.doi.org/10.1063/1.2738399}}

@article {ryutov2012,
	author = {D.D. Ryutov \textit{et al}.},
	title = {Plasma Convection Near the Magnetic Null of a Snowflake Divertor During an {ELM} Event},
	journal = {Contributions to Plasma Physics},
	volume = {52},
	number = {5-6},
	note = {\url{http://dx.doi.org/10.1002/ctpp.201210046}},
	doi = {10.1002/ctpp.201210046},
	pages = {539-543},
	year = {2012}}

@article{ryutov2012b,
	author = {D.D. Ryutov \textit{et al}.},
  	title={A snowflake divertor: a possible solution to the power exhaust problem for tokamaks},
	journal={Plasma Physics and Controlled Fusion},
  	volume={54},
  	number={12},
  	pages={124050},
 	note = {\url{http://stacks.iop.org/0741-3335/54/i=12/a=124050}},
  	year={2012}}

@article{ryutov2008,
   	author = {D.D. Ryutov \textit{et al}.},
   	title = {The magnetic field structure of a snowflake divertor},
   	journal = {Physics of Plasmas},
   	year = {2008},
   	volume = {15},
   	number = {9}, 
   	pages = {092501},
   	note = {\url{http://scitation.aip.org/content/aip/journal/pop/15/9/10.1063/1.2967900}},
   	doi = {http://dx.doi.org/10.1063/1.2967900}}

@article{ivanov2012,
   	author = {A.A. Ivanov \textit{et al}.},
   	title = {The {SPIDER} code. {S}olution of tokamak plasma equilibrium problem with anisotropic pressure and rotation},
   	journal = {Keldysh Institute preprint},
   	year = {2012},
   	volume = {81}, 
   	note = {\url{http://www.keldysh.ru/papers/2012/prep2012_81.pdf}}}

@article{ivanov2009,
   	author = {A.A. Ivanov \textit{et al}.},
   	title = {The {SPIDER} code. {S}olution of direct and inverse problems for free boundary tokamak plasma equilibrium},
   	journal = {Keldysh Institute preprint},
   	year = {2009},
   	volume = {39}, 
   	note = {\url{http://www.keldysh.ru/papers/2009/prep39/prep2009_39.pdf}}}

@article{loarte2007,
  	author={A. Loarte \textit{et al}.},
  	title={Chapter 4: Power and particle control},
 	journal={Nuclear Fusion},
  	volume={47},
  	number={6},
  	pages={S203},
 	note = {\url{http://stacks.iop.org/0029-5515/47/i=6/a=S04}},
  	year={2007}}

@article{hofmann2001,
  	author={F. Hofmann \textit{et al}.},
  	title={Stability and energy confinement of highly elongated plasmas in {TCV}},
  	journal={Plasma Physics and Controlled Fusion},
  	volume={43},
  	number={12A},
  	pages={A161-A173},
  	note = {\url{http://stacks.iop.org/0741-3335/43/i=12A/a=312}},
  	year={2001}}

@article{marki2007,
	author = {J. Marki \textit{et al}.},
	title = {Sheath heat transmission factors on {TCV}},
	journal = {Journal of Nuclear Materials},
	volume = {363–365},
	number = {0},
	pages = {382-388},
	year = {2007},
	doi = {http://dx.doi.org/10.1016/j.jnucmat.2007.01.197},
	note = {\url{http://www.sciencedirect.com/science/article/pii/S0022311507000761}}}

@article{labit2012,
	author = {B. Labit \textit{et al}.},
	title = {Properties of Snowflake Diverted {H}-Mode Plasmas in {TCV}},
	journal = {Conference on Plasma Physics: 39th EPS, Stockholm},
	volume = {ECA Vol. 36F},
	note = {\url{http://ocs.ciemat.es/epsicpp2012pap/pdf/P5.091.pdf}},
	pages = {P5.091},
	year = {2012}}

@article{sauter2000,
  	title = {Steady-State Fully Noninductive Current Driven by Electron Cyclotron Waves in a Magnetically Confined Plasma},
  	author = {O. Sauter \textit{et al}.},
  	journal = {Physical Review Letters},
  	volume = {84},
  	issue = {15},
  	pages = {3322-3325},
  	year = {2000},
 	note = {\url{http://link.aps.org/doi/10.1103/PhysRevLett.84.3322}}}

@article{sauter2001,
   	author = {O. Sauter \textit{et al}.},
   	title = {Steady-state fully noninductive operation with electron cyclotron current drive and current profile control in the tokamak à configuration variable ({TCV})},
   	journal = {Physics of Plasmas},
   	year = {2001},
   	volume = {8},
  	number = {5}, 
   	pages = {2199-2207},
  	note = {\url{http://scitation.aip.org/content/aip/journal/pop/8/5/10.1063/1.1355317}}}

@article{artsimovich1968,
	author = {L.A. Artsimovich \textit{et al}.},
	title = {Experiments in tokamak devices},
	journal = {3$^{rd}$ International Conference on Plasma Physics and Controlled Fusion Research},
	volume = {1},
	pages = {157},
	year = {1968}}

@article{vijversAPS,
	author = {W.A.J. Vijvers \textit{et al}.},
	title = {Power exhaust in all geometric variations of the snowflake divertor on {TCV}},
	journal = {Conference on Plasma Physics: 55th APS, Denver},
	volume = {58},
	number = {16},
	note = {\url{http://meetings.aps.org/Meeting/DPP13/Session/PP8.47}},
	pages = {PP8.47},
	year = {2013}}

@article{canalAPS,
	author = {G.P. Canal \textit{et al}.},
	title = {Comparison Between Experiments and {EMC3-E}irene Simulations of the Snowflake Divertor in {TCV}},
	journal = {Conference on Plasma Physics: 55th APS, Denver},
	volume = {58},
	number = {16},
	note = {\url{http://meetings.aps.org/Meeting/DPP13/Session/PP8.46}},
	pages = {PP8.46},
	year = {2013}}

@article{matthews2001,
	author = {G.F. Matthews \textit{et al}.,},
	title = {Divertor energy distribution in {JET H}-modes},
	journal = {Journal of Nuclear Materials},
	volume = {290–293},
	pages = {668 - 672},
	year = {2001},
	doi = {http://dx.doi.org/10.1016/S0022-3115(00)00482-7},
	note = {\url{http://www.sciencedirect.com/science/article/pii/S0022311500004827}}}

@article{schaffer2001,
	author = {M.J. Schaffer \textit{et al}.,},
	title = {Large {E} x {B} convection near the divertor {X}-point},
	journal = {Journal of Nuclear Materials},
	volume = {290-293},
	number = {0},
	pages = {530-536},
	year = {2001},
	doi = {http://dx.doi.org/10.1016/S0022-3115(00)00498-0},
	note = {\url{http://www.sciencedirect.com/science/article/pii/S0022311500004980}}}

@article {mikhailovskii2003,
	author = {A.B. Mikhailovskii},
	title = {Theory of magnetic islands in tokamaks with accenting neoclassical tearing modes},
	journal = {Contributions to Plasma Physics},
	volume = {43},
	number = {3-4},
	note = {\url{http://dx.doi.org/10.1002/ctpp.200310013}},
	doi = {10.1002/ctpp.200310013},
	pages = {125-177},
	year = {2003}}

@article{poli2002,
  	title = {Reduction of the Ion Drive and $\rho^*_{\theta}$ Scaling of the Neoclassical Tearing Mode},
  	author = {E. Poli \textit{et al}.},
  	journal = {Physical Review Letters},
  	volume = {88},
  	issue = {7},
  	pages = {075001},
  	numpages = {4},
  	year = {2002},
  	doi = {10.1103/PhysRevLett.88.075001},
  	note = {\url{http://link.aps.org/doi/10.1103/PhysRevLett.88.075001}}}

@article{connor2001,
   	author = {J.W. Connor \textit{et al}.,},
  	title = {The role of polarization current in magnetic island evolution},
	journal = {Physics of Plasmas},
   	year = {2001},
   	volume = {8},
   	number = {6}, 
   	pages = {2835-2848},
   	note = {\url{http://scitation.aip.org/content/aip/journal/pop/8/6/10.1063/1.1370062},
   	doi = {http://dx.doi.org/10.1063/1.1370062}}}
   	
   @article{jardin2004,
   	author = {S.C. Jardin},
   	title = {A triangular finite element with first-derivative continuity applied to fusion {MHD} applications},
   	journal = {Journal of Computational Physics},
   	year = {2004},
    volume = {200},
   	number = {1},
   	pages = {133-152},
   	note = {	\url{{http://www.sciencedirect.com/science/article/pii/S0021999104001366}}},
   	doi = {http://dx.doi.org/10.1016/j.jcp.2004.04.004}}
   	
   	@article{ferraro2009,
	title = {Calculations of two-fluid magnetohydrodynamic axisymmetric steady-states},
	journal = {Journal of Computational Physics},
	volume = {228},
	number = {20},
	pages = {7742 - 7770},
	year = {2009},
	doi = {http://dx.doi.org/10.1016/j.jcp.2009.07.015},
	note = {\url{http://www.sciencedirect.com/science/article/pii/S0021999109003969}},
	author = {N.M. Ferraro and S.C. Jardin}}
    
    @article{brandenburg2005,
    title = {Astrophysical magnetic fields and nonlinear dynamo theory},
    journal = {Physics Reports},
    volume = {417},
    number = {1},
    pages = {1 - 209},
    year = {2005},
    issn = {0370-1573},
    doi = {https://doi.org/10.1016/j.physrep.2005.06.005},
    note = {\url{http://www.sciencedirect.com/science/article/pii/S037015730500267X}},
    author = {A. Brandenburg and K. Subramanian}}
    
    @article{santos2007,
    author = {J.C. Santos and J. Buchner},
    title = {{MHD} simulation of electric currents in the solar atmosphere caused by photospheric plasma motion},
    journal = {Astrophysics and Space Sciences Transactions},
    volume = {3},
    year = {2007},
    number = {1},
    pages = {29-33},
    note = {\url{http://www.astrophys-space-sci-trans.net/3/29/2007/}},
    doi = {10.5194/astra-3-29-2007}}
    
    @article{treumann2013,
    author={R.A. Treumann and W. Baumjohann},   
    title={Collisionless magnetic reconnection in space plasmas},   
    journal={Frontiers in Physics},      
    volume={1},      
    pages={31},     	
    year={2013},      	  
    note = {\url{https://www.frontiersin.org/article/10.3389/fphy.2013.00031}},       	
    doi={10.3389/fphy.2013.00031},      	
    issn={2296-424X}}
    
    @article{ferraro2012,
    author={N.M. Ferraro},   
    title={Calculations of two-fluid linear response to non-axisymmetric fields in tokamaks},   
    journal={Physics of Plasmas},      
    volume={19},      
    year={2012},      	  
    note = {\url{https://aip.scitation.org/doi/10.1063/1.3694657#Metrics-content}},       	
    doi={https://doi.org/10.1063/1.3694657},      	
    issn={056105}}
    
    @book{gonzalez2016,
	author = {W.D. Gonzalez \textit{et al}.},
	title = {{F}undamental Concepts Associated with Magnetic Reconnection. {I}n: {W}. {G}onzalez, {E}. {P}arker ({E}ds) {M}agnetic {R}econnection. Astrophysics and Space Science Library},
    volume = {427},
	publisher = {Springer, Cham},
	year = {2016},
    doi = {https://doi.org/10.1007/978-3-319-26432-5_1}}
    
    @article{fitzpatrick1998,
    author={R. Fitzpatrick},   
    title={Bifurcated states of a rotating tokamak plasma in the presence of a static error-field},   
    journal={Physics of Plasmas},      
    volume={5},      
    year={1998},      	  
    note = {\url{https://aip.scitation.org/doi/10.1063/1.3694657#Metrics-content}},       	
    doi={https://doi.org/10.1063/1.873000},
    issn={3325}}
    
    @article{ferraro2013,
    author={N.M. Ferraro \textit{et al}.},
    title={Role of plasma response in displacements of the tokamak edge due to applied non-axisymmetric fields},
    journal={Nuclear Fusion},
    volume={53},
    number={7},
    doi = {https://doi.org/10.1088/0029-5515/53/7/073042},
    pages={073042},
    note = {\url{http://stacks.iop.org/0029-5515/53/i=7/a=073042}},
    year={2013}}
    
    @article{evans2018,
    author={T.E. Evans \textit{et al}.},
    title={Observations of Heteroclinic Bifurcations in Resistive MHD Simulations of the Plasma Response to Resonant Magnetic Perturbations},
    journal={To be submitted},
    year={2018}}
    
    @article{bussac1975,
    title = {Internal Kink Modes in Toroidal Plasmas with Circular Cross Sections},
    author = {M.N. Bussac \textit{et al}.},
    journal = {Physical Review Letters},
    volume = {35},
    issue = {24},
    pages = {1638-1641},
    year = {1975},
    doi = {10.1103/PhysRevLett.35.1638},
    note ={\url{https://link.aps.org/doi/10.1103/PhysRevLett.35.1638}}}

	@article{connor1998,
	author = {J.W. Connor \textit{et al}.},
    journal = {Physics of Plasmas},
    volume = {5},
    issue = {2687},
    year = {1998},
    doi = {https://doi.org/10.1063/1.872956},
    note = {\url{https://aip.scitation.org/doi/abs/10.1063/1.872956}}}

	@article{ferron2000,
	author = {J.R. Ferron \textit{et al}.},
    journal = {Physics of Plasmas},
    volume = {7},
    issu = {1976},
    year = {2000},
    doi = {https://doi.org/10.1063/1.874053},
    note = {\url{https://aip.scitation.org/doi/abs/10.1063/1.874053}}}
    
    @article{snyder2004,
	author = {P.B. Snyder \textit{et al}.},
    journal = {Plasma Physics and Controlled Fusion},
    volume = {46},
    issue = {A131},
    year = {2004},
    doi = {https://doi.org/10.1088/0741-3335/46/5A/014},
    note = {\url{http://iopscience.iop.org/article/10.1088/0741-3335/46/5A/014/meta}}}

@article{wilson2006,
	author = {H.R. Wilson \textit{et al}.},
    journal = {Plasma Physics and Controlled Fusion},
    volume = {48},
    issue = {A71},
    year = {2006},
    doi = {https://doi.org/10.1088/0741-3335/48/5A/S06},
    note = {\url{http://iopscience.iop.org/article/10.1088/0741-3335/48/5A/S06/meta}}}

@article{loarte2003,
	author = {A. Loarte \textit{et al}.},
    journal = {Plasma Physics and Controlled Fusion},
    volume = {45},
    issue = {1549},
    year = {2003},
    doi = {https://doi.org/10.1088/0741-3335/45/9/302},
    note = {\url{http://iopscience.iop.org/article/10.1088/0741-3335/45/9/302/meta}}}

@article{evans2015,
	author = {T.E. Evans \textit{et al}.},
    journal = {Plasma Physics and Controlled Fusion},
    volume = {58},
    issue = {049601},
    year = {2016},
    doi = {https://doi.org/10.1088/0741-3335/58/4/049601},
    note = {\url{http://iopscience.iop.org/article/10.1088/0741-3335/58/4/049601/meta}}}

@article{loarte2014,
	author = {A. Loarte \textit{et al}.},
    journal = {Nuclear Fusion},
    volume = {54},
    issue = {033007},
    year = {2014},
    doi = {https://doi.org/10.1088/0029-5515/54/3/033007},
    note = {\url{http://iopscience.iop.org/article/10.1088/0029-5515/54/3/033007/meta}}}
    
@article{wagner1984,
    title = {Development of an Edge Transport Barrier at the {H}-Mode Transition of {ASDEX}},
    author = {F. Wagner \textit{et al}.},
    journal = {Physical Review Letters},
    volume = {53},
    issue = {15},
    pages = {1453-1456},
    year = {1984},
    doi = {10.1103/PhysRevLett.53.1453},
    note = {\url {https://link.aps.org/doi/10.1103/PhysRevLett.53.1453}}}

@article{keilhacker1987,
      author={M. Keilhacker},
      title={{H}-mode confinement in tokamaks},
      journal={Plasma Physics and Controlled Fusion},
      volume={29},
      number={10A},
      pages={1401},
      note = {\url={http://stacks.iop.org/0741-3335/29/i=10A/a=320}},
      year={1987}}

     @article{unterberg2011,
        title = {Global particle balance measurements in {DIII-D H}-mode discharges},
        journal = {Journal of Nuclear Materials},
        volume = {415},
        number = {1},
        pages = {S740-S747},
        year = {2011},
        note = {Proceedings of the 19$^{\mathrm{th}}$ International Conference on Plasma-Surface Interactions in Controlled Fusion},
        issn = {0022-3115},
        doi = {https://doi.org/10.1016/j.jnucmat.2011.02.028},
        note = {\url{http://www.sciencedirect.com/science/article/pii/S002231151100225X}},
        author = {E.A. Unterberg \textit{et al}.}}
        
        @article{engelhardt1978,
        title = {Influence of an ergodic magnetic limiter on the impurity content in a tokamak},
        journal = {Journal of Nuclear Materials},
        volume = {76-77},
        pages = {518 - 520},
        year = {1978},
        issn = {0022-3115},
        doi = {https://doi.org/10.1016/0022-3115(78)90198-8},
        note = {\url{http://www.sciencedirect.com/science/article/pii/0022311578901988}},
        author = {W. Engelhardt and W. Feneberg}}
        
        @article{darly2013,
		author = {E.F. Daly \textit{et al}.},
        title = {Update on Design of the {ITER} In-Vessel Coils},
        journal = {Fusion Science and Technology},
        volume = {64},
        number = {2},
        pages = {168-175},
        year  = {2013},
        doi = {10.13182/FST13-A18073},
		note = {\url{https://doi.org/10.13182/FST13-A18073}}}
        
        @article{evans2013,
        author={T.E. Evans \textit{et al}.},
        title={{3D} vacuum magnetic field modelling of the {ITER} ELM control coil during standard operating scenarios},
        journal={Nuclear Fusion},
        volume={53},
        number={9},
        pages={093029},
        note = {\url{http://stacks.iop.org/0029-5515/53/i=9/a=093029}},
        year={2013}}
        
        @article{evans2006,
        author={T.E. Evans \textit{et al}.},
        title={The physics of edge resonant magnetic perturbations in hot tokamak plasmas},
        journal={Physics of Plasmas},
        volume={13},
        number={056121},
        note = {\url{https://aip.scitation.org/doi/10.1063/1.2177657}},
        doi = {https://doi.org/10.1063/1.2177657},
        year={2006}}
        
		@article{canik2010,
        title = {On Demand Triggering of Edge Localized Instabilities Using External Nonaxisymmetric Magnetic Perturbations in Toroidal Plasmas},
        author = {J.M. Canik \textit{et al}.},
        journal = {Physical Review Letters},
        volume = {104},
        issue = {4},
        pages = {045001},
        year = {2010},
        doi = {10.1103/PhysRevLett.104.045001},
        note = {\url{https://link.aps.org/doi/10.1103/PhysRevLett.104.045001}}}
        
        @article{snyder2002,
        author={P.B. Snyder \textit{et al}.},
        title={Edge localized modes and the pedestal: A model based on coupled peeling–ballooning modes},
        journal={Physics of Plasmas},
        volume={9},
        number={2037},
        note = {\url{https://aip.scitation.org/doi/10.1063/1.1449463}},
        doi = {https://doi.org/10.1063/1.1449463},
        year={2006}}
        
        @article{liang2007,
        title = {Active Control of Type-{I} Edge-Localized Modes with $n=1$ Perturbation Fields in the {JET} Tokamak},
        author = {Y. Liang \textit{et al}.},
        journal = {Physical Review Letters},
        volume = {98},
        issue = {26},
        pages = {265004},
        year = {2007},
        doi = {10.1103/PhysRevLett.98.265004},
        note = {\url{https://link.aps.org/doi/10.1103/PhysRevLett.98.265004}}}

		@article{unterberg2010,
        author={E.A. Unterberg \textit{et al}.},
        title={The effects of an open and closed divertor on particle exhaust during edge-localized mode suppression by resonant magnetic perturbations in {DIII-D}},
        journal={Nuclear Fusion},
        volume={50},
        number={3},
        pages={034011},
        note = {\url{http://stacks.iop.org/0029-5515/50/i=3/a=034011}},
        year={2010}}
        
        @article{evans2002,
        author = {T.E. Evans, R.A. Moyer and P. Monat},
        title = {Modeling of stochastic magnetic flux loss from the edge of a poloidally diverted tokamak},
        journal = {Physics of Plasmas},
        volume = {9},
        number = {12},
        pages = {4957-4967},
        year = {2002},
        doi = {https://doi.org/10.1063/1.1521125},
        note = {\url{https://doi.org/10.1063/1.1521125}}}
        
        @article{caldas2012,
        author={I.L Caldas \textit{et al}.},
        title={Shearless transport barriers in magnetically confined plasmas},
        journal={Plasma Physics and Controlled Fusion},
        volume={54},
        number={12},
        pages={124035},
        note = {\url{http://stacks.iop.org/0741-3335/54/i=12/a=124035}},
        year={2012}}
        
        @article{lazarus2006,
        author={E.A Lazarus \textit{et al}.},
        title={A comparison of sawtooth oscillations in bean and oval shaped plasmas},
        journal={Plasma Physics and Controlled Fusion},
        volume={48},
        number={8},
        pages={L65},
        note={\url{http://stacks.iop.org/0741-3335/48/i=8/a=L01}},
        year={2006}}
        
        @article{cooper2013,
        author={W.A. Cooper \textit{et al}.},
        title={Bifurcated helical core equilibrium states in tokamaks},
        journal={Nuclear Fusion},
        volume={53},
        number={7},
        pages={073021},
        note={\url{http://stacks.iop.org/0029-5515/53/i=7/a=073021}},
        year={2013}}
        
        @article{lutjens1992,
        author={H. Lutjens, A. Bondeson and G. Vlad},
        title={Ideal {MHD} stability of internal kinks in circular and shaped tokamaks},
        journal={Nuclear Fusion},
        volume={32},
        number={9},
        pages={1625},
        note={\url{http://stacks.iop.org/0029-5515/32/i=9/a=I10}},
        year={1992}}
        
        @article{reimerdes2000,
        author={H. Reimerdes \textit{et al}.},
        title={Effect of triangular and elongated plasma shape on the sawtooth stability},
        journal={Plasma Physics and Controlled Fusion},
        volume={42},
        number={6},
        pages={629},
        note={\url{http://stacks.iop.org/0741-3335/42/i=6/a=302}},
        year={2000}}
        
@article{reimerdes2006,
  author={H. Reimerdes \textit{et al}.},
  journal={Plasma Physics and Controlled Fusion},
  title={Sawtooth behaviour in highly elongated {TCV} plasmas},
  volume={48},
  number={11},
  pages={1621},
  note={\url{http://stacks.iop.org/0741-3335/48/i=11/a=004}},
  year={2006}}
  
@article{camenen2007,
  author={Y. Camenen \textit{et al}.},
  journal={Nuclear Fusion},
  title={Impact of plasma triangularity and collisionality on electron heat transport in {TCV} {L}-mode plasmas},
  volume={47},
  number={7},
  pages={510},
  note={\url={http://stacks.iop.org/0029-5515/47/i=7/a=002}},
  year={2007}}
 
@Article{ronchi2016,
author={G. Ronchi \textit{et al}.},
title={Interplay between intrinsic plasma rotation and magnetic island evolution in disruptive discharges},
journal={Plasma Physics Reports},
year={2016},
volume={42},
number={5},
pages={465-471},
issn={1562-6938},
doi={10.1134/S1063780X16050159},
note={\url{https://doi.org/10.1134/S1063780X16050159}}}

@article{zwinglio2012,
  author={Z.O. Guimarães-Filho \textit{et al}.},
  title={Electron fishbones in {FTU} and {T}ore {S}upra tokamaks},
  journal={Nuclear Fusion},
  volume={52},
  number={9},
  pages={094009},
  note={\url{http://stacks.iop.org/0029-5515/52/i=9/a=094009}},
  year={2012}}
  
@article{semenov1999,
author = {I. Semenov \textit{et al}.},
title = {High precision pick-up ({M}irnov) coils for disruption studies in the {T-11M} and {TCABR} tokamaks},
journal = {Review of Scientific Instruments},
volume = {70},
number = {1},
pages = {449-451},
year = {1999},
doi = {10.1063/1.1149375},
note={\url{https://doi.org/10.1063/1.1149375}}}

@article{kuritsyn2006,
author = {A. Kuritsyn \textit{et al}.},
title = {Measurements of the parallel and transverse Spitzer resistivities during collisional magnetic reconnection},
journal = {Physics of Plasmas},
volume = {13},
number = {5},
pages = {055703},
year = {2006},
doi = {10.1063/1.2179416},
note = {\url{https://doi.org/10.1063/1.2179416}}}

@article{zarnstorff1990,
author = {M.C. Zarnstorff \textit{et al}.},
title = {Parallel electric resistivity in the TFTR tokamak},
journal = {Physics of Fluids B: Plasma Physics},
volume = {2},
number = {8},
pages = {1852-1857},
year = {1990},
doi = {10.1063/1.859456},
note = {\url{https://doi.org/10.1063/1.859456}}}

@article{jardin2012,
  author={S.C. Jardin \textit{et al}.},
  title={Multiple timescale calculations of sawteeth and other global macroscopic dynamics of tokamak plasmas},
  journal={Computational Science and Discovery},
  volume={5},
  number={1},
  pages={014002},
  note={\url{http://stacks.iop.org/1749-4699/5/i=1/a=014002}},
  year={2012}}
  
  @article{severo2009,
  author={J.H.F. Severo \textit{et al}.},
  title={Temporal behaviour of toroidal rotation velocity in the {TCABR} tokamak},
  journal={Nuclear Fusion},
  volume={49},
  number={11},
  pages={115026},
  note={\url{http://stacks.iop.org/0029-5515/49/i=11/a=115026}},
  year={2009}}
  
  @article{alonso2010,
author = {M.P. Alonso \textit{et al}.},
title = {Comparative electron temperature measurements of Thomson scattering and electron cyclotron emission diagnostics in {TCABR} plasmas},
journal = {Review of Scientific Instruments},
volume = {81},
number = {10},
pages = {10D529},
year = {2010},
note = {\url{https://doi.org/10.1063/1.3494379}}}


@article{pironti2005, 
author={A. Pironti and M. Walker}, 
journal={IEEE Control Systems Magazine}, 
title={Control of tokamak plasmas: introduction to a special section}, 
year={2005}, 
volume={25}, 
number={5}, 
pages={24-29},
note = {\url{https://doi.org/10.1109/MCS.2005.1512793}}}

@article{pironti2006, 
author={A. Pironti and M. Walker}, 
journal={IEEE Control Systems Magazine}, 
title={Control of tokamak plasmas. II}, 
year={2006}, 
volume={26}, 
number={2}, 
pages={30-31},
note={\url{https://doi.org/10.1109/MCS.2006.1615270}}}

@article{gormezano2007,
  author={C. Gormezano  \textit{et al}.},
  title={Chapter 6: Steady state operation},
  journal={Nuclear Fusion},
  volume={47},
  number={6},
  pages={S285},
  note = {\url{http://stacks.iop.org/0029-5515/47/i=6/a=S06},
  year={2007}}}
  
@article{joffrin2003,
  author={E Joffrin \textit{et al}.},
  title={Integrated scenario in JET using real-time profile control},
  journal={Plasma Physics and Controlled Fusion},
  volume={45},
  number={12A},
  pages={A367},
  note={\url{http://stacks.iop.org/0741-3335/45/i=12A/a=024}},
  year={2003}}

@article{humphreys2007,
  author={D.A. Humphreys \textit{et al}.},
  title={Development of ITER-relevant plasma control solutions at DIII-D},
  journal={Nuclear Fusion},
  volume={47},
  number={8},
  pages={943},
  note={\url{http://stacks.iop.org/0029-5515/47/i=8/a=028}},
  year={2007}}
  
  @article{lrp162,
      title = {The TCA tokamak - Project Report, LRP 162/80},
      author = {A.D. Cheetham \textit{et al}.},
      year = {1980},
      note={\url{http://infoscience.epfl.ch/record/120713}}}

@article{lrp166,
      title = {Théorie du système de contrôle de position dans le tokamak TCA et essais préliminaires sans plasma},
      author = {R. Keller, J.B. Lister and A. Tuszel},
      year = {1980},
      note={\url{http://infoscience.epfl.ch/record/120720}}}
      